3074 4870
226 179 337 234 Leonis
356 179 440 234 XIII.
463 178 645 246 Constituto
666 179 731 252 layo
750 178 942 232 Franoo'ocul.
962 183 1030 234 tort.
1052 179 1153 232 ordin.
1172 179 1285 232 saecul.
1321 160 1386 227 171

254 354 282 416 2.
307 350 366 432 Qui
381 369 501 416 saorum
519 349 627 416 facerit
642 348 805 418 animabus
820 349 970 414 sodalium
987 350 1201 415 detunctorum
1221 349 1389 434 expiandis,

145 458 175 520 is
200 456 385 536 ubicumque
408 454 515 518 reniae
538 455 684 518 defuneto
706 452 920 538 impetrandae
944 453 1102 536 perlitato.

253 560 355 641 Atque
379 559 455 621 haee
478 559 581 624 omnia
602 562 633 623 et
653 558 788 640 singula,
811 558 858 622 nti
874 576 968 640 supra
984 558 1107 622 decreta
1122 558 1206 634 sunt,
1229 556 1275 622 ita
1289 557 1389 635 firma,

146 663 283 737 stabilia,
308 663 378 726 rata
400 661 433 726 iu
453 663 636 744 pe1·petuum
661 661 908 728 essevolumus:
932 679 992 726 nou
1016 660 1211 729 obstantibus
1232 659 1389 731 Constitu·

145 766 298 845 tionibus,
323 767 452 835 Litteris
476 766 678 850 Apostoliois‚
707 764 1176 844 statutis„consuetudinibus,
1208 764 1389 848 privilegiis,

146 870 278 953 aliisque
303 871 426 950 Nostris
449 871 481 934 et
501 869 709 936 Oanoellariaa
727 870 924 958 spostolicae
947 869 1073 953 regulis,
1096 871 1129 932 et
1144 869 1306 940 contrariis
1321 867 1389 951 qui-

146 975 346 1058 busoumqua.
392 975 481 1040 Nulli
506 993 578 1057 orgo
601 975 758 1040 hominum
791 975 886 1040 lioeat'
915 974 971 1038 has
1002 974 1138 1038 Litteras
1168 972 1298 1038 Nostros
1327 972 1389 1036 ullo

146 1078 257 1155 modo,
290 1079 391 1143 ullave
425 1099 460 1144 ex
476 1141 479 1148 ,
494 1080 580 1163 parte
614 1078 738 1144 violare.
785 1077 818 1142 Si
847 1077 915 1161 quis
946 1077 1050 1142 autem
1081 1078 1227 1142 adversus
1254 1096 1305 1142 aas
1326 1077 1389 1143 tale

146 1183 312 1266 quicquam
336 1182 433 1259 ausit,
457 1181 702 1266 indignationem
725 1181 943 1264 omnipotentis
967 1182 1045 1260 Dei,
1067 1183 1098 1247 et
1121 1182 1279 1248 beatorum
1304 1182 1407 1248 Patri¹

146 1289 179 1352 et
204 1288 293 1353 Pauli
316 1287 535 1370 Apostolorum
558 1286 624 1370 ojus
647 1305 679 1351 se
701 1287 822 1351 noverit
843 1287 1049 1351 incursurum,

253 1409 370 1474 Datum
399 1410 513 1474 Itomae
536 1407 617 1494 aqud
647 1406 677 1474 S.
709 1409 837 1473 Petrum
861 1427 941 1472 anno
962 1407 1188 1475 [troarnatiouis
1211 1405 1388 1471 Dominioao

147 1513 314 1578 llillesimo
331 1511 587 1595 octingentesimo
603 1512 790 1595 octogesimo
806 1511 908 1589 tertio,
924 1510 983 1577 Ill.
998 1511 1155 1576 Kalendas
1166 1510 1287 1588 Iunias,
1305 1511 1386 1574 Pou-

145 1616 286 1681 tifioatus
308 1615 413 1680 Nostri
437 1615 527 1680 Anno
550 1613 650 1680 Serto.

488 1737 522 1802 0.
547 1735 643 1802 θανά.
668 1737 799 1803 Soocone'
823 1736 1055 1803 Pro-Datarius.

607 1849 663 1917 To.
688 1848 785 1916 (laad.
810 1849 936 1916 Mortes.

363 1963 439 2028 Visa
461 1962 498 2026 da
523 1961 615 2027 Curia
638 1963 662 2029 l.
686 1963 724 2026 de
747 1962 860 2046 Aquila
883 1981 899 2027 e
918 1961 1171 2038 vicecomitibus.

72 2085 77 2096 '
146 2076 227 2142 Loco
251 2073 271 2160 †
294 2075 427 2140 Plumbi.

252 2187 328 2273 [teg.
352 2188 384 2254 in
407 2188 522 2256 Samot.
548 2159 702 2254 Breviunr.

1093 2291 1123 2355 1.
1149 2290 1343 2373 Goononiaa.
