3028 4880
265 145 365 200 Ooaet.
380 145 418 200 11.
444 147 686 205 [reremaneret.
708 145 780 216 cap,
799 147 827 201 5.
847 163 918 218 app.
940 148 985 212 De
1005 149 1098 202 casib.
1118 153 1314 216 reservatos„
1333 133 1399 198 407

144 319 245 384 'suntt
276 319 391 385 s-lrabia
414 319 583 384 sacerdotis
605 318 783 413 custodient
805 319 978 399 seientiam,
1006 321 1038 384 et
1061 321 1163 406 legem
1184 321 1399 408 requirentes
1440 325 1445 340 ⁸

144 443 208 492 ,ore
230 424 314 506 ejus«
337 423 544 505 (Malacam,
562 421 603 508 7).
627 423 727 506 Quare
749 424 852 491 nullus
868 423 1089 504 Confessarius
1113 425 1208 492 etiam
1227 425 1259 492 in
1275 427 1398 510 publico
1454 457 1457 463 ·

157 528 294 600 examine
318 527 515 610 approbatus,
539 527 678 592 studium
701 528 889 611 Theologiao
905 528 1034 598 Moralis
1050 529 1210 614 negligat3
1234 529 1297 597 imo
1313 534 1400 598 curet

157 632 258 704 uarias
283 631 475 709 Decisiones,
512 651 591 714 quae
621 651 641 696 a
671 633 817 698 Romanis
851 631 1149 718 congregationibus
1174 633 1344 725 identidem
1367 637 1399 706 in

158 737 270 819 uulgus
293 736 434 814 eduntur,
460 735 627 820 diligenter
649 737 817 816 addiscere,
842 757 879 800 ne
900 737 932 800 in
955 739 1020 802 tans
1044 737 1166 807 difficili
1186 758 1312 826 munere
1327 759 1398 806 cum

141 841 287 927 aliorum
302 889 303 894 η
320 840 506 912 detrimento
536 841 566 906 iu
596 859 728 912 errorem
753 841 941 924 prolabatur.
987 840 1187 928 Summopere
1210 843 1315 912 autem
1340 824 1399 908 lli·

156 945 261 1012 nistris
283 945 376 1028 hujus
397 944 590 1024 Sacramenti
613 945 878 1024 commendamus,
907 948 946 1018 ut.
964 965 1055 1031 opera
1078 945 1219 1022 Dootcris
1243 947 1399 1026 dociesiae
1507 973 1508 976 ¹

156 1049 186 1119 8.
213 1050 364 1134 Alphonsi
384 1050 423 1114 de
442 1049 578 1132 nigor-io,
603 1049 730 1116 luminis
753 1051 786 1116 et
810 1051 983 1118 ornamenti
1008 1051 1090 1126 Cleri
1112 1051 1328 1145 Neapolitapi,
1344 1071 1395 1117 as-

149 1155 248 1240 sidue
267 1155 397 1220 versent.
447 1154 506 1220 »lut
535 1173 573 1218 ne
604 1154 678 1237 quid
708 1154 847 1222 dicamus
873 1155 960 1237 (sunt
983 1155 1076 1222 rerba
1099 1155 1210 1220 Leonis
1225 1155 1337 1246 ,ΧΙΙΙ,)
1351 1156 1398 1220 (16

133 1257 274 1330 'ldorali
292 1257 474 1340 Theologia,
488 1257 600 1340 ubique
631 1259 785 1325 terrarum
816 1258 1078 1348 celebratissima,
1115 1262 1278 1344 tutamque
1307 1259 1398 1344 plane

135 1363 322 1451 ,praesare
346 1377 500 1442 normam,
535 1381 627 1444 qoam
655 1362 863 1430 conscientiae
883 1349 1093 1431 moderatores
1125 1365 1320 1448 sequautur,
1343 1363 1398 1454 iri-

150 1470 333 1549 ,gescentem
355 1467 420 1550 ipse
443 1466 629 1532 charitatem
644 1486 700 1550 per
722 1467 843 1532 crebros
866 1467 1038 1551 doctaeque
1057 1467 1288 1535 lucubrationes
1312 1487 1399 1534 asce-

119 1620 123 1626 .
153 1571 246 1648 ticos,
268 1571 366 1636 veluti
390 1571 523 1636 subditis
546 1571 692 1656 igniculis
711 1572 798 1650 fovit,
823 1572 911 1652 aluit,
937 1571 1091 1655 provenite
1116 1572 1309 1656 illudqueis
1334 1573 1398 1656 pri·

154 1675 214 1742 mis
238 1677 347 1745 ostatu
371 1675 500 1758 dignum
525 1677 588 1754 est,
620 1676 700 1758 quod
722 1676 801 1742 licet.
819 1675 1027 1760 copiosissime
1049 1675 1226 1759 scripserit,
1245 1675 1396 1760 ,ejusdem

83 1799 85 1803 ·
153 1783 259 1846 tamen
282 1799 373 1862 opera
396 1779 543 1847 inoffenso
565 1800 688 1862 prorsus
715 1781 791 1864 pede
810 1781 951 1864 ,percurri
964 1801 991 1846 a
1014 1780 1172 1847 Fidelibus
1198 1799 1303 1863 posse,
1327 1784 1397 1864 post

154 1884 298 1968 diligens
318 1884 502 1952 institutum
535 1903 678 1964 eramen,
713 1887 906 1968 perspectum
934 1885 1031 1952 fuerit
1064 1885 1215 1970 (auteres
1245 1885 1283 1950 de
1316 1885 1409 1983 Ope¹
1507 1949 1508 1954 ,

153 1989 238 2054 ribus
261 1987 294 2054 S:
313 1989 464 2071 Alpbonsi
488 1988 540 2052 die
555 1989 606 2054 28.
625 1991 703 2073 Aug.
722 1989 848 2076 1879).«
882 1989 939 2056 Oui
962 1992 1010 2054 rei
1029 2009 1063 2054 eo
1084 1989 1396 2074 potissimommagis

154 2092 327 2163 insistimus
350 2093 439 2176 quod,
462 2093 650 2176 experientia
663 2095 759 2173 teste,
785 2094 837 2161 ille
858 2093 1069 2161 confessarius
1095 2093 1250 2178 uberiores
1275 2094 1395 2168 fructus

155 2197 299 2280 colliget,
322 2199 374 2280 qui
397 2197 430 2265 in
457 2197 700 2266 Confessiouario
728 2199 891 2264 sententiis
914 2202 947 2264 et
970 2199 1057 2282 praxi
1076 2199 1247 2284 ligerianaa
1270 2201 1395 2286 propius

153 2301 326 2368 accesserit.
984 2359 986 2364 ,
1324 2373 1328 2381 ⁴

259 2408 298 2472 X.
332 2407 398 2472 Nec
421 2407 531 2472 minori
555 2405 658 2472 studio
681 2407 948 2488 commendemus,
978 2406 1180 2475 confessariis
1202 2409 1393 2492 praesertim,

152 2517 188 2578 ut
213 2510 513 2596 congregationibus
542 2512 573 2575 in
601 2511 660 2576 hac
689 2511 764 2578 urbe
796 2512 998 2578 saluberrime
1032 2511 1187 2584 institutis
1221 2513 1395 2596 frequentes

152 2616 309 2697 intersint,
331 2615 394 2694 ubi,
414 2614 546 2686 collatis
564 2615 709 2696 consiliis,
737 2635 826 2682 casus
850 2615 1064 2696 conscientiae,
1095 2616 1224 2684 statutis
1240 2618 1394 2700 ¹cuiusque

154 2719 362 2784 hebdomadae
385 2719 508 2799 diebus,
537 2720 669 2803 plurimo
692 2739 762 2785 cum
777 2720 897 2788 fructu
912 2719 1117 2790 resolvuntur.
1163 2721 1224 2786 Pro
1247 2720 1394 2788 Sacerdo-

152 2825 237 2889 tibus
259 2826 362 2888 autem
388 2823 560 2903 casalium,
586 2843 644 2890 non
669 2825 767 2890 solum
790 2823 940 2907 quidquid
964 2842 983 2888 a
1006 2823 1121 2890 uostris
1142 2825 1391 2900 Praedecessori-

152 2929 209 2995 bus
233 2947 287 3010 pro
313 2919 490 3010 hujusmodi
509 2946 636 2995 casuum
653 2927 858 2995 conscientiae
874 2926 1025 2995 solutione
1041 2928 1197 2994 statutum
1212 2929 1283 3010 luit,
1300 2932 1394 3014 atque

152 3032 315 3110 sarmitum,
337 3031 564 3110 confirmamus,
576 3051 621 3117 ac
639 3032 783 3116 religiose
797 3032 985 3098 servandum
1000 3031 1211 3106 decernimus:
1231 3034 1392 3115 sedetiam
1507 3053 1508 3056 ’

152 3136 313 3202 nonnullos
336 3137 416 3200 viros
439 3136 661 3205 ecclesiasticos
675 3136 901 3219 deputabimus
925 3156 1055 3220 qnorum
1070 3157 1183 3204 munus
1204 3139 1261 3206 erit
1278 3139 1392 3216 exami-
1507 3147 1508 3162 ¹

153 3259 225 3304 nare
248 3241 415 3304 solutiones
439 3259 565 3305 casuum
588 3241 803 3320 conscientiae,
824 3261 899 3325 quas
912 3241 1093 3308 Sacerdotes
1108 3242 1265 3309 Casaliom
1278 3243 1317 3308 ad
1330 3229 1393 3308 Nos

151 3343 396 3423 transmiserint,
428 3346 459 3410 et
484 3347 638 3410 correctas
661 3364 698 3409 ac
722 3347 909 3410 retractatas
932 3347 971 3410 ad
995 3346 1119 3414 eosdem
1140 3345 1322 3412 Sacerdotes
1345 3367 1393 3412 re·

152 3448 291 3523 mittere,
316 3447 484 3515 Praefectis
508 3468 578 3516 uero
601 3451 713 3533 ubique
736 3450 916 3517 constitutis
940 3451 1160 3536 praecipimus,
1185 3451 1220 3515 ut
1243 3451 1391 3530 delectur,

152 3554 191 3619 et·
206 3552 403 3618 sedulitatem
422 3554 557 3620 omnium
581 3554 716 3622 fideliter
739 3557 862 3622 notent:
886 3575 963 3639 ques
984 3558 1073 3622 notas
1093 3555 1393 3622 alternis-mensibus

151 3677 204 3739 per
226 3656 364 3722 Vicarics
395 3657 547 3724 Foreneos
577 3660 617 3724 ad
647 3659 710 3728 Nos
742 3660 923 3727 deferendas
953 3662 1076 3738 curent,
1108 3659 1143 3724 ut
1174 3660 1206 3722 et
1235 3660 1392 3744 segniores

150 3760 263 3827 uostris
287 3760 602 3828 animadversionibus
625 3762 810 3844 incitentur,
840 3766 874 3829 at
900 3763 1113 3847 diligentiores
1135 3764 1266 3848 paterna
1288 3763 1392 3830 nostra

151 3865 364 3930 benevolentia
390 3863 561 3932 foveantur.

381 4017 385 4030 ’
420 4041 641 4121 Appendieel.
680 4041 729 4106 De
751 4025 882 4107 casuum
903 4041 1118 4121 reservatione.
1176 4042 1200 4120 ᾗ

255 4177 379 4242 Nemini
413 4178 542 4245 dubium
575 4181 636 4260 est,
669 4180 743 4264 quin
773 4179 886 4245 summi
919 4179 1073 4244 Ecclesiae
1097 4179 1235 4246 Praelati
1267 4165 1390 4257 absolu-

150 4283 265 4347 tionem
290 4283 490 4366 quorumdam
515 4285 700 4350 atrociorum
723 4285 906 4362 criminum,
939 4283 1063 4348 sublata
1093 4281 1311 4352 Sacerdotibus
1342 4289 1390 4354 in-

150 4387 311 4452 ferioribus
334 4406 528 4471 quocumque
551 4389 714 4476 facultate,
746 4389 805 4454 sibi
838 4389 913 4476 solis
944 4407 1099 4453 reservare
1128 4389 1262 4472 possint:
1295 4412 1388 4476 quam

149 4493 388 4559 reservationem
410 4513 468 4557 uon
492 4494 589 4560 solum
613 4496 715 4577 quood
737 4501 898 4562 cateruam
914 4495 1074 4576 politium,
1098 4495 1150 4560 sed
1175 4497 1268 4567 etiam
1286 4517 1388 4564 coram
