3002 4872
253 177 354 232 Coraci.
375 177 395 229 I.
417 177 461 230 De
480 177 564 230 Fr’de.
592 175 664 246 Cap.
680 176 708 229 2.
729 177 766 229 dc
786 141 944 230 hodiernis
962 175 1034 242 ridet
1054 138 1228 231 Perdoulc'c.¹
1292 158 1355 223 385

107 347 244 412 lantiam
268 349 496 440 ephemeridum
523 350 553 413 et
575 321 753 413 lihellorrim
778 347 934 426 colluvies,
962 349 1073 432 quihus
1095 348 1258 432 pestiferae
1282 347 1352 412 doc·

108 452 210 516 trinae
234 453 346 535 partim
372 474 407 518 en
431 453 551 536 integro
576 453 750 537 conlectae,
776 453 889 536 partim
914 453 1088 516 immutatis
1112 453 1234 530 formis,
1257 469 1355 535 quau·

109 557 210 639 doque
222 557 304 621 omni
316 557 466 622 lenocinio
479 537 589 639 plenis,
613 557 840 636 reviviscentes,
864 575 984 621 morum
999 558 1197 621 sanctitatem
1213 551 1352 640 coinqui-

108 661 197 739 nant,
215 660 361 726 veritates
375 662 526 726 revelatas
538 661 730 736 subvertunt,
749 661 966 725 auctoritatem
981 661 1136 724 Ecclesiae
1152 661 1352 726 labefactant.

107 764 192 828 Hinc
216 758 387 850 propagata
411 766 467 829 est*
482 766 549 841 illa,
574 784 665 848 quam
686 766 846 848 tantopere
862 765 1037 830 detestatur
1053 766 1248 829 sacrosancta
1265 783 1355 828 oecu-

108 870 231 934 menica
254 869 394 954 synodus
417 871 585 946 Vaticana,
621 869 874 948 »Rationalismm
899 889 952 934 seu
977 870 1180 933 Naturalismi
1205 869 1354 946 doctrina,

108 993 188 1056 quae
223 974 365 1058 religioni
395 975 582 1039 christianae
613 976 720 1056 utpote
751 973 981 1056 supernaturali
1005 974 1152 1038 instituto
1175 991 1229 1056 per
1251 973 1355 1038 omnia

108 1079 286 1157 adversans,
311 1097 430 1143 summo
457 1079 560 1142 studio
582 1079 718 1156 molitur,
743 1081 779 1142 ut
803 1077 935 1157 Christo,
968 1078 1020 1161 qui
1044 1077 1126 1143 solus
1148 1075 1299 1142 Dominus
1324 1078 1355 1140 et

107 1182 253 1249 Salvator
273 1186 375 1247 noster
398 1185 461 1261 est,
484 1201 502 1246 a
525 1183 681 1246 mentibus
704 1182 867 1260 humanis,
892 1203 909 1247 a
933 1183 996 1246 rita
1020 1184 1051 1246 et
1072 1182 1208 1246 moribus
1228 1182 1355 1266 popule·

107 1309 179 1352 rum
205 1287 340 1366 excluso,
364 1307 483 1365 merae,
508 1287 587 1370 qnod
613 1289 741 1365 vocant,
766 1287 894 1351 rationis
918 1287 965 1350 vel
988 1288 1117 1352 naturae
1139 1307 1268 1370 regnum
1290 1287 1355 1350 sta·

108 1392 249 1457 hiliatur.
285 1391 407 1456 Relicta
429 1391 543 1469 autem,
564 1390 761 1474 projectaque
785 1390 956 1454 christiana
971 1390 1131 1474 religione,
1156 1393 1268 1474 negato
1284 1409 1355 1454 vero

107 1497 176 1561 Deo
200 1498 231 1560 et
253 1495 376 1560 Christo
397 1495 478 1578 ejuS,
514 1495 655 1579 prolapsa
686 1495 812 1558 tandem
844 1496 892 1559 est
921 1495 1089 1558 multorum
1115 1515 1200 1559 meus
1224 1496 1256 1558 in
1279 1513 1356 1582 pan-

107 1600 247 1678 theismi,
273 1599 496 1678 materialismi,
526 1599 671 1663 atheismi
693 1583 886 1677 barathrum,
910 1601 945 1662 ut
968 1599 1067 1682 ipsam
1090 1583 1354 1664 rationalem‘na-

107 1707 221 1781 turam,
247 1723 428 1787 omnemque
448 1703 526 1786 justi
548 1703 683 1787 rectique
707 1722 844 1768 normam
870 1705 1028 1786 negantes,
1052 1703 1115 1767 ima
1136 1703 1289 1768 humanae
1305 1722 1355 1767 so-

109 1808 235 1874 cietatis
258 1788 459 1872 fundamenta
482 1808 603 1872 diruere
627 1808 845 1872 connituntur«
873 1807 977 1893 (Cone.
994 1808 1096 1873 Vatis.
1115 1807 1220 1874 Const.
1243 1808 1353 1894 Dogm.

110 1912 163 1978 De
186 1913 268 1978 Fide
292 1912 463 1990 diethelmo,
489 1913 653 1996 Prooem.).

215 2017 295 2080 Hinc
320 2017 445 2081 altiores
468 2017 588 2080 radices
612 2017 696 2099 agit,
730 2036 765 2081 ac
796 2017 891 2081 latius
913 2017 944 2080 in
968 2017 1033 2081 dies
1057 2011 1145 2100 patet
1168 2018 1353 2084 horrendum

108 2121 374 2202 Irrda‘fferentr’smr’
395 2123 542 2206 systema,
565 2140 623 2203 quo
648 2121 786 2186 homines
801 2121 989 2186 veteratores
1007 2141 1078 2186 vera
1092 2121 1189 2200 falsis,
1209 2125 1355 2188 honesta·

107 2227 174 2290 tem
205 2225 408 2308 turpitudini,
442 2225 591 2290 virtutem
622 2225 700 2290 vitio
729 2226 980 2306 commiscenteS‚
1015 2212 1157 2292 suadere
1178 2228 1353 2294 hominihus

108 2331 238 2396 student
267 2331 347 2415 quod
375 2349 428 2412 per
455 2329 622 2414 cujuslibet
645 2331 803 2414 religionis
827 2331 947 2395 cultum
970 2331 1111 2416 quisquis
1136 2331 1200 2396 Deo
1223 2332 1352 2417 placere,

110 2437 330 2517 aeternamque
354 2434 475 2516 assequi
498 2433 680 2499 felicitatem
704 2435 809 2518 possit,
838 2435 864 2500 si
889 2455 988 2500 mores
1012 2436 1050 2500 ad
1073 2437 1151 2500 recti
1173 2436 1354 2520 honestique

110 2559 249 2604 normam
273 2540 453 2623 exigentem
483 2539 571 2623 quasi
601 2559 671 2603 vero
694 2540 758 2604 ulla
780 2559 913 2623 unquam
939 2559 1003 2604 esse
1028 2541 1353 2626 possetparticipatio
1449 2612 1450 2615 ,

106 2644 251 2728 justitiae
274 2663 343 2707 cunr
367 2643 542 2726 iniquitate,
569 2644 624 2707 aut
648 2644 777 2708 societas
800 2644 861 2708 luci
889 2644 927 2708 ad
944 2645 1096 2723 tenebras,
1122 2648 1177 2710 aut
1193 2646 1353 2712 conventio

111 2747 228 2815 Christi
252 2747 290 2810 ad
315 2747 423 2812 Belial.
470 2747 530 2829 Qui
553 2747 678 2830 quidem
702 2767 785 2812 error
815 2749 863 2812 vel
885 2736 951 2830 ipsi
982 2748 1118 2813 naturali
1149 2750 1278 2816 rationis
1305 2752 1353 2816 lu-

110 2851 188 2917 mini
208 2871 300 2934 quam
321 2850 453 2916 maxime
477 2851 638 2934 repugnat.
678 2851 727 2915 Ah
750 2853 817 2934 ipsa
840 2852 922 2916 enim
945 2853 1064 2917 ratione
1084 2853 1259 2918 luculenter
1281 2855 1354 2921 ede·

110 2975 224 3036 camur,
248 2955 359 3034 Deum,
383 2955 436 3038 qui
461 2956 507 3018 est
529 2954 596 3038 ipsa
612 2955 747 3034 Veritas,
771 2976 832 3020 non
847 2975 934 3038 posse
951 2957 1103 3035 honorari,
1127 2959 1188 3024 nisi
1204 2959 1352 3038 veritate;

110 3063 142 3126 et
166 3080 259 3143 quum
281 3059 396 3124 veritas
420 3078 479 3122 non
503 3059 545 3123 sit
568 3059 628 3123 nisi
648 3079 710 3123 una
734 3063 766 3124 et
782 3060 998 3140 immutabilia,
1016 3061 1138 3145 Religio
1155 3063 1275 3128 nonnisi
1292 3083 1354 3128 una

110 3169 143 3231 et
165 3164 369 3228 immutabilis
392 3181 456 3228 esse
480 3165 591 3246 potest.
1341 3163 1342 3168 ’

214 3267 280 3332 Nec
310 3268 429 3332 minora
460 3267 595 3350 pericula
626 3286 661 3331 er
692 3267 811 3332 haeresi
839 3269 1086 3334 Protestantium
1111 3270 1354 3354 pertimescenda

108 3373 199 3450 sunt,
234 3371 299 3455 qui'
320 3373 394 3436 licet
422 3371 455 3435 in
486 3371 589 3454 plures
612 3372 713 3436 sectas
737 3371 826 3436 divisi
851 3373 933 3452 sint,
965 3394 1000 3438 ac
1024 3394 1077 3458 pro
1101 3373 1219 3439 diverso
1242 3395 1352 3454 errore,

109 3496 200 3560 quem
223 3469 384 3559 praecipue
406 3475 600 3559 profitentur,
625 3475 747 3541 diversa
772 3496 806 3541 ao
829 3476 977 3542 distincta
1001 3479 1082 3543 inter
1103 3497 1134 3542 se
1160 3479 1282 3544 nomina
1300 3499 1353 3544 as·

108 3581 251 3660 sumant,
276 3600 308 3644 re
332 3583 434 3644 tamen
458 3579 491 3643 in
514 3599 548 3644 eo
572 3581 670 3644 amice
693 3581 874 3666 conjurant,
898 3583 933 3646 ut
958 3582 1148 3647 Catholicam
1171 3583 1279 3648 Fidem
1303 3583 1353 3647 in-

109 3704 184 3751 sano
206 3685 308 3748 furore
333 3685 510 3768 oppugnent
534 3685 566 3748 et
589 3685 772 3749 convellant.
819 3685 881 3768 lpsi
912 3687 993 3751 enim
1017 3687 1098 3750 inter
1122 3687 1199 3751 alias
1222 3706 1270 3752 res
1294 3687 1353 3752 Sa·

109 3809 231 3854 orarum
255 3788 484 3870 scripturarum
506 3788 594 3853 libris
619 3789 740 3874 vulgari
763 3790 870 3873 lingua
892 3791 1073 3868 translatis,
1098 3793 1129 3856 et
1152 3791 1353 3856 callidissime

108 3893 313 3976 interpolatis,
338 3892 470 3956 maximo
494 3893 713 3976 exemplarium
739 3913 873 3973 numero,
899 3894 1018 3959 Fideles
1043 3895 1155 3960 nostris
1171 3895 1252 3959 curis
1269 3915 1353 3961 com·

109 3998 235 4075 missos,
267 3997 405 4062 rudiores
428 3997 609 4080 praesertim
635 3989 671 4061 ac
694 4017 816 4082 operas,
838 3999 994 4082 gratuito,
1020 3999 1067 4062 rel
1091 3999 1222 4082 minime,
1242 4000 1351 4082 pretio,

110 4102 223 4167 donare
247 4121 307 4166 non
329 4101 491 4184 desinunt3
521 4100 661 4180 libellos,
685 4102 764 4166 mole
786 4102 910 4187 quidem
933 4102 1073 4186 exiguos,
1101 4102 1155 4167 sed
1176 4103 1298 4168 malitia
1321 4105 1352 4168 et

110 4205 178 4271 dolo
201 4224 394 4290 permagnos,
419 4205 450 4268 in
474 4205 586 4289 vulgus
604 4205 826 4284 disseminant3
850 4207 1069 4289 ephemerides,
1094 4225 1172 4290 qnae
1189 4227 1264 4290 opus
1281 4227 1352 4272 con·
1394 4224 1396 4228 ·

109 4310 295 4376 sceleratum
318 4313 441 4394 urgent,
466 4309 619 4395 stipendio
643 4310 826 4377 conducunt.
872 4311 939 4376 Nec
971 4311 1047 4376 satis
1082 4330 1114 4376 se
1146 4311 1280 4390 hahent;
1317 4313 1352 4377 ut

109 4433 163 4479 suo
188 4413 246 4478 fine
268 4414 435 4497 potiantur,
460 4415 492 4479 in
515 4415 621 4479 nostra
634 4414 773 4498 piissima
791 4415 926 4480 civitate
938 4415 1053 4480 audent
1066 4416 1183 4500 templa
1196 4417 1350 4508 extruere;

110 4517 306 4597 collationes,
336 4538 431 4602 quas,
461 4520 496 4583 ut
516 4518 651 4584 incautis
671 4519 776 4584 lucum
798 4519 935 4600 faciant,
968 4521 1161 4587 christianos
1183 4521 1351 4604 appellant,

139 4621 234 4668 Archiv
247 4621 288 4669 fur
304 4620 492 4669 Kirehenrecht.
507 4620 537 4668 L.
1205 4625 1246 4690 25
