3002 4872
147 131 212 198 884
478 147 591 220 Synod.
609 151 738 208 dioeces.
756 151 913 221 Neapoltt.
930 167 958 207 a.
977 151 1061 208 1882.

147 321 233 390 tissa
279 321 487 407 Regularibua
509 339 596 400 vero,
627 321 655 386 si
680 321 714 386 in
733 321 881 387 Ecclesiia
904 321 953 388 sui
972 321 1098 390 Ordinis
1121 323 1228 391 eodem
1253 326 1404 411 tempore

147 426 356 495 concionaturi
376 425 450 504 mut,
473 425 582 492 licebit
602 424 691 498 illam
714 427 857 492 emittere
880 445 983 494 coram
1005 427 1128 512 proprio
1143 426 1325 512 Superiora,
1349 431 1405 514 qni

145 531 253 612 umen
274 531 318 596 eis
340 529 555 598 testimoninm
578 529 672 614 hujus
695 531 824 596 emissae
853 531 1049 614 professionis
1071 531 1103 596 in
1126 532 1252 616 scriptis
1276 533 1403 613 tradet,

146 634 245 701 Nobis
266 635 301 700 in
322 635 395 700 actu
417 634 568 718 petendae
591 633 813 700 benedictionis
834 634 1041 700 exhibendum
1071 634 1129 718 (lln
1152 636 1276 703 Decret.
1302 639 1339 703 S.
1368 637 1403 706 C.

146 737 261 806 Goncil.
285 739 382 804 relato
406 737 438 802 in
467 737 579 822 Synod.
611 737 786 804 cardinalis
818 738 998 822 Acquaviva
1031 738 1134 817 1607;
1163 741 1196 805 et
1218 758 1256 806 ex
1276 739 1402 826 Synod.

80 851 81 856 ’
145 843 287 910 Proviuc.
308 841 398 908 dard.
420 840 574 908 Cantelmi
599 842 742 925 Archiep.
764 841 885 927 Neap.).

250 947 318 1014 Vll.
355 946 483 1013 Praeter
505 946 708 1030 supradictos,
731 947 796 1012 Nos
820 947 971 1028 volumus,
995 947 1032 1012 ut
1051 947 1193 1012 eamdem
1213 947 1302 1014 Fidei
1322 969 1401 1033 pru·

145 1052 308 1118 tassionem
331 1052 509 1136 praestent:
936 1032 940 1052 ¹
1054 1059 1057 1066 '

248 1155 441 1240 Quicumque
464 1154 653 1221 Beneficium
678 1155 774 1221 etiam
797 1154 926 1238 simplex
948 1153 1150 1234 obtinebunt3
1245 1147 1250 1162 '

247 1261 393 1326 Hectores
416 1259 527 1326 (iurati
550 1260 588 1324 ad
612 1260 762 1324 Nostrum
785 1257 1030 1343 beneplacitum

249 1365 438 1430 Professores
461 1382 566 1428 omnes
588 1363 696 1430 Nostri
720 1363 812 1448 Lycei
832 1365 864 1428 et
887 1361 1061 1428 Seminarii.

410 1536 486 1620 Oop.
511 1542 546 1604 2.
582 1535 632 1602 De
654 1536 818 1604 hodiernis
841 1537 934 1604 Fidei
952 1537 1116 1620 periculis.

247 1677 398 1744 Nostrum
431 1677 555 1759 insuper
589 1660 727 1740 animum
759 1675 797 1740 ad
832 1693 881 1740 res
915 1676 1002 1741 sicci
1036 1677 1182 1760 provocat
1213 1675 1395 1744 miserrima

106 1777 107 1780 ’
142 1781 327 1864 temporum,
349 1781 381 1846 in
404 1800 483 1864 quac
505 1779 683 1856 incidimus,
707 1779 850 1846 conditio.
897 1781 1103 1846 Vehementer
1129 1779 1211 1846 enim
1235 1780 1391 1860 dolemus,

142 1903 179 1950 ac
201 1903 393 1968 summopere
416 1886 575 1968 angimur,
606 1883 687 1968 quod
710 1882 819 1962 niues,
850 1903 943 1967 quam
970 1905 988 1950 a
1010 1884 1178 1968 majoribus
1202 1882 1315 1960 nostris
1337 1885 1390 1950 in-

142 1987 258 2054 violate
279 1989 435 2054 servatam
457 1987 665 2071 suspeximus,
697 1985 787 2051 hodie
801 2006 903 2070 ,quum
926 1989 1057 2052 manime
1081 2007 1133 2072 per
1154 1988 1294 2053 homiues
1316 2009 1391 2071 per·

143 2091 314 2160 ditissimos
336 2091 506 2159 innumeris
528 2091 649 2156 insidiis
673 2091 852 2172 impetatur,
876 2091 1019 2156 maximis
1040 2091 1203 2156 conatibus
1226 2109 1388 2176 oppugne-

141 2197 202 2276 tur,
227 2196 369 2292 plurimis
392 2195 535 2280 periculis
558 2197 736 2278 exponatur.
782 2194 852 2258 Huc
881 2197 1004 2278 spectat
1028 2195 1084 2259 illa
1107 2195 1232 2278 publica
1255 2196 1389 2261 docendi

142 2299 232 2380 ratio,
256 2320 318 2385 qna
336 2298 470 2384 peruersi
492 2298 646 2382 magistri,
668 2298 700 2362 in
724 2297 882 2362 tradendis
900 2297 1016 2363 litteris
1029 2318 1064 2363 ac
1080 2299 1228 2378 scientiis,
1253 2299 1388 2364 salutari

56 2394 61 2419 '
142 2404 297 2471 Ecclesiae
331 2403 512 2488 magisterio
546 2401 733 2468 stultissime
769 2400 929 2480 abdicato,
970 2404 1063 2486 atque
1097 2402 1230 2486 rejecto,
1270 2402 1386 2468 nedum

141 2509 282 2574 alumnos
304 2508 343 2572 ab
367 2505 451 2572 omni
474 2505 534 2571 Dei
556 2505 731 2590 cognitione
754 2507 917 2585 avertunt,
946 2505 1135 2585 sedetiam,
1166 2509 1290 2590 arrepta
1312 2506 1387 2572 iude

141 2611 317 2690 occasione,
355 2609 616 2694 pestilentissimis
653 2609 847 2692 opinionibus
883 2609 1019 2693 ipsorum
1055 2611 1175 2676 mentes
1209 2609 1384 2694 implicant,

141 2716 247 2799 eisque
279 2715 321 2781 fel
355 2714 495 2781 draconis
528 2714 560 2779 in
594 2713 690 2778 calice
724 2713 891 2798 Babylonis
924 2733 978 2798 per
1011 2733 1165 2778 summam
1188 2713 1386 2804 impietatem

140 2819 315 2904 propinant.
360 2819 430 2885 Huc
451 2819 572 2903 spectat
595 2819 773 2902 portentosa
796 2837 916 2884 morum
937 2818 1075 2896 licentia,
1098 2833 1187 2902 quae,
1209 2819 1311 2902 ruptis
1326 2837 1385 2904 ag·

140 2924 275 3009 guribus,
299 2925 337 2989 ob
359 2924 483 2990 illorum
505 2922 666 3002 incuriam,
695 2922 749 3004 qui
771 2941 840 2988 eam
861 2921 1035 2988 refraenare
1059 2922 1217 3000 deberent,
1240 2941 1295 3006 per
1318 2941 1386 2988 om·

140 3047 210 3094 nem
231 3027 392 3094 hominum
416 3029 514 3095 vitam
536 3029 568 3093 in
592 3027 657 3092 dies
680 3029 850 3111 grassatur,
871 3030 908 3091 ut
925 3027 1064 3092 homines
1083 3026 1123 3091 ad
1139 3025 1197 3092 Dei
1213 3026 1385 3112 imaginem

140 3131 347 3199 conformatos
368 3135 398 3196 in
417 3133 562 3197 vitiorum
585 3149 678 3197 coeno
701 3131 906 3196 libentissime
926 3130 1081 3197 volutatos
1095 3131 1271 3214 conspicere
1291 3150 1385 3215 coga-

139 3255 218 3303 mur.
264 3237 334 3303 Huc
357 3237 478 3319 spectat
499 3233 688 3302 insatiabilis
710 3235 765 3300 illa
789 3235 956 3318 cupiditas,
981 3253 1042 3318 qua
1064 3253 1125 3300 non
1148 3235 1238 3318 pauci
1262 3235 1384 3318 abrepti

142 3339 268 3408 divitias
291 3360 327 3406 ac
350 3340 498 3423 pecuniae
522 3340 700 3418 thesauros,
730 3359 784 3423 per
814 3339 862 3404 faa
892 3342 924 3404 et
945 3358 999 3422 per
1021 3339 1127 3419 nefas,
1160 3342 1269 3423 quovis
1293 3339 1384 3406 modo

141 3461 304 3530 congerere
327 3446 359 3510 et
381 3445 539 3510 cumulare
560 3443 749 3527 depereunt;
770 3461 806 3508 ac
826 3443 893 3522 Dei,
918 3442 1091 3527 Religionis
1114 3445 1146 3508 et
1169 3443 1291 3510 animae
1308 3461 1383 3509 suae

140 3546 337 3615 immemores
359 3547 391 3615 in
414 3547 505 3614 rebus
524 3549 648 3612 tantum
668 3548 798 3613 terrenis
819 3566 942 3614 omnem
961 3567 1048 3613 suam
1072 3546 1257 3614 felicitatem
1274 3549 1383 3614 miser-

141 3652 218 3718 rime
240 3653 414 3738 collocant„
448 3651 520 3717 Huc
541 3653 684 3735 spectant
705 3650 976 3717 bubulentissimae
998 3652 1119 3732 sectae,
1143 3671 1221 3735 quae
1246 3671 1306 3718 non
1330 3671 1384 3736 per

140 3757 269 3829 technas
292 3759 324 3823 et
346 3757 514 3837 cuniculos,
538 3758 574 3821 ut
596 3757 679 3836 olim,
710 3755 763 3821 sed
785 3757 893 3840 aperta
916 3757 946 3821 vi
968 3759 1062 3840 atque
1083 3756 1207 3822 collatis
1227 3756 1327 3842 signis
1350 3758 1381 3822 in

140 3861 351 3946 Religionem,
379 3863 472 3946 atque
499 3862 669 3928 Romanam
702 3859 890 3927 Oatbodram
915 3860 1066 3944 singulari
1090 3860 1225 3944 quodam
1244 3860 1315 3926 odio
1338 3861 1382 3926 el·

140 3965 291 4045 feruntur,
310 3966 343 4031 et
364 3965 510 4049 pestifera
532 3983 679 4049 quaeque,
704 3981 739 4030 ac
759 3964 929 4048 peruiciosa
950 3964 1130 4029 moliuntur.
1175 3964 1264 4030 Unde
1287 3983 1381 4048 quam

140 4069 249 4154 gravia
270 4070 409 4154 pericula
429 4069 516 4136 civili
539 4069 635 4134 ctiam
655 4069 796 4134 societati
819 4069 1030 4153 impendeant,
1052 4088 1148 4152 quum
1172 4068 1229 4133 alii
1248 4067 1382 4135 Romani

140 4172 316 4254 Pontifices,
339 4176 409 4240 tum
428 4175 601 4258 nuperrime
620 4173 681 4238 Leo
697 4163 785 4240 Xlll.
806 4172 919 4257 (Epist.
942 4173 1067 4258 Encycl.
1091 4171 1296 4252 Diadumene,
1321 4171 1381 4237 diei

140 4276 192 4344 29.
215 4276 303 4342 lunii
326 4276 434 4363 1881),
456 4297 473 4342 e
510 4277 625 4361 pluries
641 4276 835 4360 Principibus
855 4277 1090 4356 denunciarunt,
1114 4277 1146 4342 et
1168 4294 1322 4361 quaenam
1339 4276 1382 4340 sit

140 4397 245 4444 corum
272 4379 548 4463 propulsandorum
577 4379 658 4444 ratio
687 4379 821 4462 optima,
852 4380 945 4444 simul
971 4378 1158 4448 indicarunt.
1203 4381 1245 4445 llt
1267 4399 1305 4444 ne
1327 4398 1381 4463 per

139 4481 264 4566 singula
286 4482 331 4549 ire
352 4481 521 4562 videamur,
546 4483 607 4548 huc
630 4482 754 4548 demum
775 4483 896 4566 spectat
917 4483 1079 4550 teterrima
1100 4482 1303 4566 tutandique
1327 4501 1378 4548 vo·
