3028 4880
169 161 234 227 406
500 175 613 246 Sycod.
633 175 763 232 dioeces.
780 175 935 242 Naupoltt.
955 175 1087 230 α.1882.

170 349 332 414 fossionem
356 347 533 432 peragendi.
579 345 668 427 Quod
697 347 724 410 si
750 347 799 412 vel
819 346 957 410 animum
986 365 1045 410 non
1068 346 1205 411 habeant
1227 349 1282 430 p'er
1303 369 1342 411 se
1362 350 1419 412 tali

169 451 271 517 officio
294 451 508 538 periungendi,
531 451 579 518 vel
602 451 760 515 infirmnm
783 449 979 516 Confessioni·
996 453 1221 534 repugnantem
1245 451 1420 528 inveniant,

172 557 343 622 Parochnm
377 555 415 622 de
447 557 505 620 bac
537 575 570 622 re
604 557 766 621 certiorem
798 555 898 620 faeere
923 553 1082 632 festinent,
1113 555 1168 637 qui
1194 557 1259 620 veri
1280 556 1422 639 pastoris

171 659 380 727 sollicitudine
413 661 502 726 actus
535 661 616 726 nihil
649 659 838 724 intentatum
871 659 1037 741 relinquet,
1069 660 1106 723 nt
1139 659 1295 724 oviculam
1316 675 1423 724 ¹suam

170 765 290 830 salvam
309 763 415 830 iaciat.
1214 809 1216 812 -

275 869 329 933 Ill.¹
364 867 464 934 Nemo
487 868 520 933 in
541 867 719 932 Ministrum
743 864 937 931 Sacrameriti
958 865 1172 932 Paenitentiae
1191 869 1268 952 eligi
1291 871 1424 952 poterit,

152 975 230 1038 ‘nisi
253 971 396 1038 vicesimo
416 978 523 1038 octavo
552 972 667 1036 aetatis
693 991 781 1048 auno,
805 988 860 1053 pro
883 969 974 1046 viris;
1003 986 1060 1052 pro
1082 973 1212 1056 utroque
1240 991 1312 1040 vero
1338 992 1425 1050 sexu,

170 1077 323 1160 completo
339 1091 417 1140 auno
433 1075 590 1141 tricesimo
605 1075 708 1153 tertio,
729 1075 762 1139 et
777 1073 837 1138 nisi
852 1073 1019 1157 diligenter
1038 1075 1254 1158 adimpleverit
1269 1079 1425 1162 qrridquid

170 1181 396 1265 praescriptum
413 1183 460 1245 est
482 1180 514 1244 in
530 1179 648 1244 Norma
670 1197 724 1261 pro
748 1177 958 1257 (lonlessariis,
983 1178 1015 1241 iu
1038 1178 1121 1244 ealce
1136 1179 1251 1265 Synodi
1276 1185 1427 1266 apposita

171 1296 206 1349 ru'
221 1287 251 1353 3.
295 1283 333 1348 ld
362 1279 467 1349 tamen
494 1284 578 1348 nullo
610 1284 702 1348 modo
729 1283 877 1366 derogare
902 1281 1096 1346 declaramus
1126 1283 1310 1369 privilegiis,
1344 1305 1428 1370 quae

174 1387 425 1454 Praedeeessores
442 1387 550 1454 Nostri
562 1391 594 1452 et
606 1388 670 1453 Nos
685 1388 819 1472 quatuor
835 1386 1135 1470 congregationibus
1149 1389 1427 1456 ¹ldissioneriorum

170 1476 284 1558 in'hac
298 1541 306 1562 ,
319 1493 424 1558 nostra
457 1494 532 1557 urbe
565 1491 768 1556 existentibus
799 1491 934 1555 libenter
972 1491 1179 1558 concessimus
1200 1494 1232 1556 io
1253 1494 1305 1574 iis,
1344 1515 1428 1579 qnae

172 1596 422 1684 approbationem
446 1597 706 1664 Confessariorum
729 1594 926 1660 Biennalium
949 1595 1129 1678 respiciunt.
1173 1598 1261 1680 Quod
1285 1619 1363 1665 vero
1388 1602 1426 1665 ad

172 1701 354 1768 Sacerdotes
378 1705 506 1780 exteros,
535 1700 633 1766 Nobis
662 1719 855 1766 reservamus
885 1700 918 1764 in
940 1700 1073 1785 singulis
1092 1701 1215 1766 casibus
1249 1703 1425 1784 providere.

162 1813 167 1820 “
278 1805 303 1871 V
347 1805 493 1870 naeuius
515 1803 755 1870 administrandi
777 1804 1011 1869 Sacramentum
1042 1805 1257 1870 Poenitentiae
1281 1807 1427 1892 Regula·

172 1911 259 1977 ribus
282 1927 427 1976 concessa
448 1909 624 1974 extenditur
645 1908 862 1974 tautummodo
878 1908 918 1972 ad
934 1908 1087 1974 Ecclesiae
1107 1909 1224 1992 proprii
1244 1908 1379 1977 Ordinis
1395 1913 1426 1976 in

172 2017 278 2082 nostra
304 2013 532 2080 Arebidioecesi
556 2013 732 2092 existentes,
757 2013 920 2078 dummooo
937 2013 1115 2096 praedictae
1130 2014 1288 2080 Ecclesiae
1304 2016 1346 2080 ab
1364 2034 1426 2082 uno

174 2120 341 2202 eodemque
361 2116 533 2202 Superiore,
557 2135 610 2182 seu
633 2116 756 2183 Vicario
780 2117 917 2201 generali
941 2117 1152 2201 dependeant:
1171 2119 1301 2203 insuper
1323 2121 1424 2186 intel-

173 2223 284 2309 ligitur
307 2239 451 2288 concessa
473 2222 586 2306 ubique
608 2239 663 2304 pro
686 2220 920 2300 Sacerdotibus,
955 2224 988 2287 et
1009 2241 1063 2305 pro
1087 2221 1218 2288 infirmis
1239 2225 1339 2290 totius
1367 2228 1426 2290 Ar·
1496 2247 1497 2250 ¹

174 2326 392 2406 chidioecesis,
422 2326 461 2392 ad
482 2345 557 2409 quos
581 2325 673 2391 acciti
694 2325 818 2391 fuerint.
863 2325 951 2407 Quod
975 2327 1003 2390 si
1026 2345 1061 2390 ex
1085 2327 1262 2393 obedientia
1284 2347 1424 2394 ‘suornm

160 2433 372 2518 'Superiorem
393 2431 431 2496 de
453 2432 561 2497 nostra
583 2429 813 2496 Archidioeeesi
829 2429 985 2496 discedere
1003 2431 1178 2515 contigerit,
1194 2434 1228 2496 et
1243 2431 1320 2498 alibi
1336 2436 1425 2499 ultra

172 2537 340 2603 terminum
363 2532 505 2620 pagellae
525 2533 727 2613 commorari,
759 2533 917 2600 debebunt-
942 2533 1041 2618 ipsam
1063 2535 1218 2619 pagellam
1243 2555 1337 2620 penes
1365 2540 1424 2604 Ga·

174 2641 319 2708 nonicum
341 2637 547 2706 secretarium
568 2637 651 2705 (llari
674 2638 840 2722 deponere,
871 2640 908 2702 ut
928 2640 999 2721 post
1022 2638 1157 2704 reditum
1176 2641 1209 2704 in
1236 2642 1422 2708 Archidioe-

175 2747 271 2814 'cesim
291 2745 366 2829 ipsis
389 2743 493 2826 (modo
516 2743 594 2810 nihil
615 2743 732 2826 obstet)
754 2743 949 2809 restituatur.

164 2861 165 2864 ’
278 2848 333 2916 Vl.
364 2849 459 2914 ltrtra
482 2847 653 2913 Ecclesiam
674 2849 707 2912 et
728 2847 794 2912 sine
818 2846 1004 2912 necessitate
1025 2847 1104 2911 nulli
1128 2846 1424 2927 dormeceastre

175 2954 348 3022 Saecularis
368 2952 418 3031 sit,
441 2953 506 3018 sire
529 2951 704 3036 [togularia
728 2950 823 3016 liceat
851 2951 908 3015 boc
930 2950 1165 3017 Sacramentum
1190 2953 1423 3034 administrare,

175 3057 310 3143 exceptis
339 3056 555 3123 Sacerdotibus
584 3055 616 3120 et
646 3054 808 3121 infirmis
835 3055 1030 3120 lufirmarum
1051 3070 1125 3121 vero
1155 3058 1321 3122 mulierum
1346 3079 1421 3125 eon·

174 3163 332 3242 sessiones,
355 3178 433 3246 quae
454 3161 539 3226 domi
561 3158 731 3226 audiendae
753 3161 844 3239 sunt,
868 3175 928 3225 non
950 3160 1010 3225 nisi
1032 3161 1138 3244 aperto
1155 3161 1255 3241 ostio,
1281 3181 1342 3246 quo
1366 3165 1421 3229 ad-

176 3267 263 3354 spici,
287 3285 346 3332 non
369 3282 439 3332 vero
462 3265 563 3330 audiri
584 3265 713 3348 possint,
737 3263 937 3348 excipiantur.
1494 3331 1495 3350 χ

280 3369 350 3437 Vll.
385 3369 625 3436 confessionalis
649 3387 818 3452 numquam
840 3367 874 3433 in
897 3369 1086 3448 recessibus,
1116 3369 1169 3435 sed
1201 3370 1234 3434 in
1255 3373 1420 3454 propatulo
1494 3375 1495 3456 ξ

176 3475 382 3553 collocentur;
405 3473 541 3540 habeant
564 3475 665 3540 crates
689 3475 814 3552 ferreus,
835 3473 884 3539 vel
908 3491 1029 3553 aeneas,
1055 3475 1197 3558 angustis
1218 3476 1421 3541 foraminibus

176 3579 356 3664 perforatas,
380 3597 459 3664 quae
477 3579 581 3663 ligneo
604 3578 715 3644 ostiolo
738 3595 756 3642 a
778 3579 867 3662 parte
890 3578 1030 3643 interiori
1053 3578 1250 3657 claudantur,
1277 3582 1320 3644 et·
1333 3580 1419 3645 lma·

176 3685 281 3771 gisem
305 3683 449 3749 Crucifixi
470 3684 519 3749 vel
542 3683 659 3748 Boutae
674 3683 795 3748 Mariae
807 3682 956 3766 Virginis,
972 3683 1025 3746 ubi
1040 3683 1200 3765 poenitens
1219 3684 1418 3767 genuflectit;

177 3791 209 3856 et
227 3789 291 3854 sint
312 3805 432 3873 semper
454 3789 576 3854 occlusa
598 3787 688 3867 clari,
716 3802 795 3870 quae
818 3805 837 3852 a
861 3788 991 3852 Stetere
1014 3786 1171 3852 custodite
1193 3804 1253 3852 non
1274 3789 1419 3853 tradatur
1493 3849 1494 3862 ,

177 3895 237 3961 nisi
260 3892 452 3960 confessario
475 3913 493 3957 a
515 3911 547 3958 se
570 3892 662 3975 probe
690 3891 823 3976 cognito.
897 3970 902 3981 ι
1334 3911 1336 3919 “
1493 3877 1494 3910 ³

281 3998 370 4063 VIll.
404 3997 441 4062 In
464 3997 579 4062 virtute
603 3998 726 4064 sanetae
749 3994 946 4062 obedientiae
961 3995 1177 4078 praecipimus,
1200 3996 1235 4060 ut
1253 3995 1418 4061 mulierum

177 4102 381 4171 confessiones
405 4120 464 4169 uon
483 4102 690 4185 excipiantur,
716 4099 775 4166 nisi
797 4119 833 4164 en
851 4095 1147 4178 'confessionalibus,
1172 4118 1227 4163 nec
1250 4101 1323 4164 ante
1345 4099 1417 4164 illu-

176 4207 349 4275 cescentem
371 4205 463 4284 diem,
487 4223 542 4270 nec
564 4205 633 4288 post
655 4203 855 4270 salutationis
877 4203 1045 4288 Angelicae
1067 4204 1202 4288 signum.
1492 4275 1493 4290 χ

280 4307 337 4376 ΙΧ.
372 4308 433 4372 Diu
457 4308 650 4391 multumque
672 4307 864 4374 meditentur
879 4307 1184 4373 Oonfessarii‘omnes
1200 4306 1278 4372 illud
1293 4305 1324 4373 S.
1342 4303 1416 4371 Gre-

178 4413 257 4499 gorii
281 4413 400 4496 Papae:
424 4413 503 4476 »Ars
523 4413 638 4476 artium
661 4412 800 4495 regimen
823 4412 998 4477 animarum
1008 4431 1036 4477 :s
1067 4413 1099 4477 et
1122 4412 1215 4478 umba
1235 4407 1296 4475 illa
1316 4410 1416 4476 Mala·
1492 4405 1493 4408 ’

178 4519 266 4583 chiae
289 4535 368 4601 quas
390 4517 421 4580 io
444 4515 502 4580 hae
524 4515 718 4598 potissimum
741 4518 828 4599 parte
850 4515 1018 4582 ministerii
1039 4515 1239 4582 sacerdotalis
1257 4514 1414 4580 serissima
