3028 4880
233 181 335 237 Ocaet.
354 183 394 238 11.
415 183 461 238 Dc
480 181 699 238 Sacramentta.
727 182 846 254 Capri.
869 181 1066 237 Danaorum.
1085 181 1251 238 eucharist.
1303 141 1366 228 4οῘ
1493 125 1494 194 3

230 354 255 419 Ι.
289 353 431 434 Parcohi
456 354 693 435 concionatores,
717 356 750 419 et
772 355 928 438 quotquot*
944 355 1017 419 sunt
1033 353 1207 418 animarum
1222 353 1367 434 rectores,
1494 345 1495 352 ’

126 475 217 540 saepe
240 457 399 523 Fidelibus
421 459 579 524 declarent
602 459 754 524 sinceram
776 457 967 536 doctrinam,
1003 477 1096 540 quarn
1128 457 1168 522 de
1184 474 1187 482 ⁴
1201 455 1369 523 venerabili

127 563 185 626 hoc
208 563 331 628 divinae
355 563 570 628 Eucharistiae
593 561 794 630 Sacramenta
815 561 979 628 Catholica
1000 561 1139 626 Ecclesia
1159 561 1309 640 retinuit,
1333 580 1370 626 ac

126 667 259 752 retinet3
281 667 411 748 fructus,
435 669 489 751 qui
511 667 582 732 inde
605 666 753 732 uberrimi
776 667 997 750 percipiuntur,
1013 665 1183 750 diligenter
1197 664 1369 750 explicanti

125 772 223 836 animi
247 771 521 854 praeparationem,
545 771 739 854 modumque,
763 790 823 854 quo
846 771 884 835 ad
908 770 1242 854 recipiendnm‘ipsum
1270 769 1368 834 Deum

125 877 184 940 sub
209 875 308 958 specie
332 876 419 958 panis
442 876 622 941 latitantem
645 875 790 942 accedere
813 875 956 954 debeant,
982 877 1126 940 accurato
1139 877 1310 958 exponant.

233 981 273 1044 ll.
308 980 436 1046 Publice
459 979 564 1049 autern
584 980 716 1064 indigni,
740 980 848 1061 quales
869 979 945 1044 sunt
965 975 1298 1057 haeretici‚''censuris
1321 993 1371 1042 ec*-

126 1083 311 1149 clesiasticis
335 1085 486 1164 obstricti,
506 1083 625 1168 publici
644 1087 820 1168 peccatores
841 1084 954 1168 aliique
976 1083 1301 1148 in‘llltuali‘ltoma'rrb
1318 1099 1372 1148 ne-

125 1189 199 1268 tati,
221 1189 303 1254 sicut
325 1189 438 1255 occulti
458 1191 635 1272 peccatores
658 1189 778 1255 occulte
801 1190 941 1273 petentes
964 1190 1003 1253 ab
1027 1189 1083 1254 boc
1107 1187 1306 1253 Sacramenta
1318 1195 1372 1251 'tr-

126 1295 275 1371 ceantur-3
306 1311 403 1378 neque
434 1294 516 1358 enim
550 1293 597 1358 ias
624 1295 672 1358 est
703 1281 795 1358 »dare
816 1296 961 1358 sanetum
982 1275 1128 1372 canibus,
1146 1281 1222 1357 ''aut'
1246 1291 1372 1376 mittere

126 1399 319 1482 margaritas
336 1400 413 1464 ante
435 1415 563 1481 porcos«
584 1397 714 1482 (unuh.
739 1397 810 1465 Vll.
834 1397 877 1482 6).
999 1425 1001 1433 v
1250 1403 1251 1408 ’
1338 1386 1350 1423 ’·

235 1501 292 1569 lIl.
331 1501 411 1583 Quia
431 1519 503 1566 vcro
526 1519 585 1566 non
609 1521 679 1568 raro
702 1501 824 1580 accidit,
848 1503 886 1566 ut
909 1517 968 1564 uon
987 1501 1079 1583 pauci
1097 1499 1181 1584 pueri
1199 1517 1235 1566 ac
1250 1498 1373 1586 puellae

127 1607 167 1671 ob
192 1607 343 1672 incuriam
359 1605 413 1677 ool
436 1605 594 1670 inscitiam
624 1609 802 1689 parentum>
819 1605 1026 1682 adolescents
1050 1623 1107 1669 nco
1141 1604 1371 1670 Eucharistiam

127 1713 274 1786 sumant3
297 1711 347 1778 vel
369 1709 395 1773 si
415 1709 503 1774 illam
526 1712 663 1788 sumunt,
691 1709 814 1776 defectu
836 1709 1054 1774 Instruclicnis
1077 1709 1173 1775 ferme
1195 1710 1254 1774 nou
1276 1709 1372 1774 intel*

127 1817 246 1899 ligant,
274 1814 414 1898 quidrei
437 1813 570 1892 lodant3
602 1815 738 1882 babeant
767 1815 898 1880 Parachi
920 1812 1110 1898 peculiarem
1132 1823 1246 1878 curam
1262 1810 1371 1880 horum
1502 1857 1503 1860 =

127 1939 293 2003 puerorum
316 1922 348 1982 ct
369 1918 552 2002 puellarum,
577 1921 612 1984 ut
627 1917 884 1984 instructionibus
902 1920 1036 2002 ipsorum
1054 1915 1151 1983 aetati
1167 1918 1373 1985 commodatis

129 2023 168 2090 ad
192 2023 324 2106 primam
348 2021 602 2088 communionem
624 2015 856 2107 praeparentur.
908 2022 993 2104 Quae
1021 2039 1068 2088 res
1100 2041 1171 2088 cum
1204 2021 1373 2108 plurimum

129 2128 267 2192 conterre
290 2127 405 2210 possit,
435 2129 472 2191 ut
492 2129 579 2210 pueri
602 2129 635 2191 et
656 2128 780 2212 puellae
801 2128 834 2192 in
860 2125 922 2192 fide
943 2144 980 2194 ao
1006 2121 1228 2210 pietaco‘firni
1252 2129 1284 2193 et
1306 2129 1372 2194 sta·

129 2232 209 2298 biles
232 2234 298 2296 toto
320 2231 404 2296 vitae
425 2231 560 2296 cuniculo
582 2231 679 2304 futuri
702 2232 783 2310 sint3
811 2233 955 2318 optamus
978 2232 1024 2298 ita
1044 2231 1111 2314 fiat,
1138 2233 1174 2296 ut
1196 2233 1228 2296 in
1250 2231 1374 2298 tenellis

132 2339 268 2420 ipsorum
290 2335 402 2400 animis
425 2333 492 2400 alta
513 2335 648 2419 vestigia
670 2338 861 2402 remaneant.
908 2335 956 2400 Ad
980 2335 1059 2420 quod
1083 2336 1282 2424 obtinendum
1308 2355 1373 2400 ma-

130 2440 212 2504 nime
231 2439 363 2522 juvabit
388 2439 415 2504 si
437 2439 496 2517 illi,
521 2440 610 2504 modo
633 2439 700 2504 ficri
722 2441 867 2523 possiti
852 2439 953 2506 tribus
974 2441 1029 2506 rel
1044 2433 1177 2524 quatuor
1197 2441 1269 2505 ante
1284 2439 1374 2506 dom-

133 2544 307 2609 munionem
331 2543 470 2608 diebus
461 2563 492 2606 nn
518 2544 621 2627 aliquo
645 2561 767 2613 recessu
797 2544 863 2629 piis
892 2543 1215 2645 praedicandisque
1249 2543 1357 2629 pietat·
1349 2563 1375 2608 rs

131 2648 286 2714 exercitiis
308 2648 449 2731 occupati
477 2650 604 2712 teneant
605 2663 659 2728 ur,
693 2649 797 2732 ibique
827 2649 915 2714 adt
900 2651 1037 2715 mantum
1044 2665 1123 2784 opus
1144 2646 1374 2786 religiosissime

131 2753 341 2837 paragendum
362 2752 476 2818 viride
485 2753 669 2820 excitentur
744 2793 746 2796 -
982 2763 984 2771 ’
1136 2773 1140 2787 ’
1328 2761 1341 2784 ··

238 2856 291 2919 lV.
327 2855 512 2920 Perochit
480 2858 512 2921 ot
534 2856 706 2920 animarum
732 2854 896 2921 Curatores
914 2855 1035 2921 Fideles
1051 2855 1090 2920 ad
1107 2856 1199 2940 hujus
1215 2853 1330 2942 aug'ust
1331 2858 1374 2922 is·

132 2960 204 3026 simi
222 2962 255 3024 ot
276 2959 472 3024 saluberrimi
493 2959 684 3024 Sacrament
660 2962 686 3023 tr
701 2959 896 3044 frequentem
909 2975 999 3024 usum
1015 2955 1192 3038 hortentur:
1210 2963 1375 3027 cumcuim

132 3066 191 3128 boc
210 3064 342 3128 caeleste
365 3063 516 3128 ferculum
537 3064 580 3128 sit
594 3083 665 3128 vere
677 3065 809 3128 *animae
830 3064 895 3130 uita
913 3066 947 3129 ct
964 3063 1112 3146 perpetua
1127 3065 1251 3130 sanitas·
1262 3065 1376 3130 mentis

133 3168 263 3254 (Gonoil.
288 3167 373 3232 Trid.
397 3166 477 3234 Sese.
500 3165 594 3246 XIII,
619 3185 684 3250 cap.
708 3170 753 3250 2),
777 3168 831 3250 qui
852 3168 1031 3252 aliquandiu
1054 3168 1110 3234 illo
1134 3168 1260 3248 caront‚·
1279 3169 1376 3253 plori-

133 3293 219 3336 mum
244 3272 348 3336 damni
368 3291 400 3336 se
416 3271 524 3337 iecisse
540 3271 872 3356 existiment‘tdatecb.
886 3273 973 3338 Rom.
986 3273 1025 3339 dc
1036 3272 1218 3340 Maioma.
1232 3273 1375 3341 Sacram.

134 3397 163 3444 n.
180 3379 243 3459 32).
273 3377 313 3441 Et
333 3376 406 3460 quia
428 3375 627 3458 quotidianus
651 3375 753 3440 vitulis
777 3376 837 3440 cibi
861 3395 931 3442 osus
952 3397 971 3441 a
992 3396 1031 3444 ss.
1057 3376 1205 3443 Patribus
1221 3375 1376 3444 iuit'sem-

133 3501 188 3564 per
208 3480 241 3544 in
265 3479 405 3544 Ecclesia
424 3479 586 3562 probatus,
618 3479 693 3544 licet
724 3480 836 3544 nullibi
869 3485 1052 3564 praeceptus
1086 3479 1193 3568 (Daca
1222 3479 1376 3568 congreg.

134 3584 250 3651 Ooncss.
275 3584 477 3666 approbatum
499 3584 538 3648 ab
563 3583 742 3649 Innocentio
765 3581 831 3662 xi,
856 3597 904 3650 an.
933 3585 1046 3668 1676),
1071 3583 1219 3651 ardenter
1230 3582 1393 3670 cupimus·'

134 3692 170 3753 ut
192 3689 293 3770 praxis
317 3688 549 3754 Commnuionis
570 3688 769 3771 quotidianae
782 3691 1000 3771 promoventur
1015 3689 1096 3753 inte'r
1113 3687 1233 3754 Fideles
1253 3692 1382 3755 nostrae

136 3792 388 3870 Archidioeoesia
412 3792 465 3876 qui
487 3792 524 3856 ad
547 3792 580 3855 id
595 3791 662 3874 apti
677 3811 731 3874 par
745 3792 973 3859 confessoriam
989 3794 1020 3856 in
1040 3793 1169 3859 Domino
1184 3789 1377 3877 judicantur,

135 3899 182 3962 uti
205 3897 329 3980 scriptis
357 3896 484 3960 caelesti
512 3895 664 3979 sapientia
690 3897 812 3962 refertis
830 3897 1029 3962 inculcarunt
1050 3897 1112 3962 duo
1132 3888 1377 3982 praeclarissima

135 4002 293 4068 Ecclesiae
316 4001 445 4080 lumina,
470 3999 614 4084 Ligarius
637 4001 740 4064 noster
762 4001 794 4066 et
814 3999 960 4067 Salesius.

240 4105 276 4172 V.
304 4104 419 4170 Omnes
441 4103 562 4168 Fideles
585 4103 696 4169 umbris
718 4103 803 4170 curis
823 4103 1025 4183 concreditos,
1048 4105 1102 4187 qui
1118 4105 1239 4171 ratione
1252 4107 1375 4186 aetatisq

135 4213 167 4276 et
182 4209 377 4274 discretionis
399 4209 494 4293 hujus
516 4208 658 4273 cmlestis
676 4208 754 4272 doni
771 4225 899 4292 capaces
917 4212 999 4286 sunt,
1024 4209 1113 4273 onina
1127 4209 1298 4288 hortamur,
1319 4211 1377 4276 sub

136 4314 239 4398 poenis
261 4313 293 4378 in
317 4313 454 4380 Concilio
477 4313 677 4378 Lateranensi
700 4303 829 4378 metatis
851 4313 937 4393 (Gan.
960 4312 1238 4397 Ornamentum.
1259 4315 1377 4400 eccas),

137 4421 172 4483 nt
194 4437 314 4483 annuae
339 4417 569 4484 Oommumonis
589 4417 752 4500 praecepto
774 4417 941 4501 diligenter
967 4417 1163 4483 satisfaciant
1191 4417 1227 4482 in*
1257 4417 1378 4503 propria

112 4543 117 4560 ¹
137 4523 292 4599 Percosia,
316 4522 365 4587 vel
386 4522 417 4586 in
441 4521 581 4587 Ecclesia
603 4521 851 4604 Metropolitum,
869 4522 959 4604 juxta
983 4523 1229 4604 antiquissimam
1246 4521 1375 4588 censuess

167 4626 259 4670 Archiv
274 4627 313 4670 tiir
329 4625 518 4675 Kirchanrccht.
536 4625 564 4670 L.
1233 4629 1274 4692 26
