3074 4870
1250 9 1526 210 Ἥ

148 204 209 267 164
311 222 426 277 neone
445 223 529 276 xrrr.
549 227 643 277 conec.
664 224 713 278 so.
734 225 801 278 nuc
820 225 1041 281 nasamone.
1063 233 1130 280 aare.
1152 231 1218 282 ora.

144 392 370 470 hominesaase
393 393 570 476 polluerunt
592 395 740 464 nullimode
771 397 946 478 reprobari:
974 397 1110 466 maxime
1141 399 1196 480 ubi
1226 402 1385 465 asseratur

144 515 319 578 mensnram
343 490 406 565 veri
426 499 462 570 in
481 499 615 581 patriam
640 500 754 566 amoris
787 518 823 567 ex
852 500 968 576 collata
990 502 1037 565 vel
1067 502 1221 586 denegata
1254 505 1385 586 pecunia

143 600 313 681 eadmeri,
335 620 395 684 quo
409 601 454 673 ‚fit
477 603 513 675 ut
534 601 669 686 quiedam
694 603 790 674 ueluti
813 604 844 669 vi
863 623 898 672 ae
918 608 1003 670 metu
1026 605 1112 690 adigi
1136 605 1176 677 ad
1192 607 1385 688 haechprui·

143 723 197 782 nes
221 705 392 773 uideantur.

161 860 164 868 .
195 852 214 884 ,..
241 809 368 891 ,Quibus
386 809 499 891 ,positis
527 818 719 896 compertum
750 811 958 894 Amplitudini
989 815 1063 880 tuae
1094 814 1284 896 essedebet
1316 834 1382 888 earn

143 915 287 1000 monades
308 913 470 983 collectam
493 934 572 997 quae
596 915 729 982 Puracll
749 917 941 996 testimoniet
957 917 1039 998 facud
1059 917 1168 996 audit„
1183 919 1221 984 ab
1242 919 1298 982 bac
1327 917 1384 985 Sa-

143 1037 195 1091 cra
211 1017 459 1102 Congregatione
479 1037 540 1085 non
561 1037 648 1100 posse
671 1019 804 1102 probari,
827 1020 1029 1102 neoproinde
1053 1022 1272 1098 ecclesiasticis
1299 1023 1382 1100 viris,

143 1122 371 1201 marimanam
391 1122 548 1205 Episcopis
571 1123 663 1190 licere
681 1143 749 1190 eam
772 1124 835 1188 ullo
868 1124 958 1191 modo
988 1125 1201 1190 commendare
1240 1126 1286 1190 uel
1315 1146 1384 1208 pro-

143 1245 310 1302 ructare..¹
351 1245 358 1293 1

150 1389 161 1404 ,,
208 1367 211 1375 ·
236 1331 369 1399 Interea
384 1349 488 1411 precor·
505 1331 604 1398 Deum
616 1332 662 1395 uti
681 1331 930 1414 Amplitudinern
948 1334 1036 1396 tuam
1051 1333 1226 1398 diutissime
1243 1333 1381 1414 sospitet.

180 1498 183 1506 ,
246 1437 292 1503 ltu
328 1434 470 1512 Aedibus
503 1433 533 1518 S.
559 1434 833 1518 -Congregationis
874 1437 911 1500 de
954 1437 1157 1520 Propaganda
1199 1436 1293 1514 Fide,
1333 1437 1382 1508 die

144 1543 193 1606 11.
215 1539 411 1632 bdaii518il3.
455 1625 457 1632 y
581 1606 584 1616 ‚
637 1615 639 1622 ¹

441 1643 591 1722 Jcncncs,
614 1642 702 1710 Oard.
726 1644 873 1722 simmae,
897 1643 1086 1710 Praefectus.

518 1809 520 1816 .
595 1746 807 1827 ,Dominlcns
830 1747 922 1813 Arcb.
947 1749 1108 1832 Pacensis,
1133 1747 1336 1813 Secretarius.

139 1884 395 1949 coenassent
409 1883 540 1949 Dcncinl
553 1885 663 1949 Nostri
678 1885 795 1950 Leonis
812 1885 923 1950 chc'rd
937 1886 1143 1951 Providentia
1154 1885 1262 1968 Papae
1276 1886 1379 1950 XIII.

160 2010 162 2020 ’
213 1999 399 2098 Constitui-lo
422 2005 460 2070 de
483 2001 547 2087 lece
568 2002 824 2072 Frcnclscclc'nna
846 2007 946 2071 Tertii
970 2006 1103 2072 Ordinis
1124 2007 1314 2072 Saecularis.

50 2151 55 2162 ·
140 2127 203 2201 Leo
226 2125 403 2220 Epc'sccpns
422 2125 539 2192 Servus
561 2109 727 2194 Scrccrcnn
751 2125 813 2218 Del
836 2129 880 2192 cd
902 2116 1093 2208 Perpetuam
1110 2129 1158 2192 rei
1180 2129 1379 2194 Memorium.

181 2321 184 2328 Ι
211 2317 214 2324 ,
243 2248 420 2315 Misericors
442 2247 501 2312 Dei
524 2247 631 2326 Filius,
654 2248 707 2330 qui
729 2249 816 2313 suavi
836 2250 913 2332 jugo
938 2252 970 2313 et
993 2249 1053 2314 levi
1082 2241 1175 2313 onere
1202 2249 1380 2312 bominibus

138 2352 282 2434 imposito
305 2352 443 2415 omnium
467 2353 547 2416 vitae
570 2354 602 2416 et
622 2352 716 2416 saluti
739 2352 909 2431 consuluit,
933 2353 1107 2418 Ecclesiam
1130 2373 1147 2416 a
1171 2373 1202 2415 se
1224 2353 1380 2416 conditam

139 2477 198 2542 non
221 2457 386 2540 potestatis
407 2456 505 2520 solum
533 2456 585 2521 sed
609 2457 703 2522 etiam
728 2458 957 2522 misericordiae
980 2477 1053 2521 suae
1076 2457 1202 2539 reliquit
1226 2455 1381 2533 heredem,

139 2564 174 2626 ut
197 2563 286 2643 parta
309 2580 361 2642 per
385 2561 492 2648 ipsum
525 2560 674 2624 beneficia
703 2561 741 2624 ad
773 2580 879 2626 ornnes
913 2560 1104 2626 sacculorum
1128 2561 1249 2626 aetates
1272 2561 1378 2624 cortem

138 2684 257 2748 semper
279 2665 421 2730 caritatis
439 2666 545 2730 tenore
565 2668 818 2748 propagarentur.
865 2667 1033 2749 Propterea
1056 2663 1314 2747 quemadmodum
1344 2665 1375 2726 in

137 2771 186 2849 iia,
207 2788 285 2854 quae
307 2768 399 2835 lesus
423 2769 565 2834 Christus
587 2769 619 2832 in
642 2769 724 2834 omni
749 2771 814 2834 vita
837 2771 886 2834 vel
909 2771 1006 2852 gessit
1030 2769 1078 2835 vel
1103 2768 1266 2851 praecepit,
1292 2768 1379 2831 mltis

138 2875 194 2938 illa
215 2875 367 2960 sapientia
390 2878 421 2937 et
442 2873 576 2938 invictae
600 2874 783 2956 magnitudo
807 2873 1010 2956 benignitatis
1033 2873 1151 2951 eluxit,
1186 2871 1230 2936 sic
1262 2872 1379 2954 pariter·

136 2977 336 3062 in-singulis¹
353 2977 539 3044 christianae
570 2977 757 3060 reipublicae
787 2977 941 3042 institutis
971 2978 1049 3041 mira
1079 2975 1230 3060 quaedam
1264 2976 1380 3040 eminet

137 3081 332 3168 indulgentia
355 3083 387 3146 et
408 3081 532 3174 tenitas,
555 3082 591 3146 ut
613 3081 703 3164 plane
726 3082 773 3152 vel
794 3082 825 3145 in
850 3083 908 3146 hac
923 3081 990 3164 ipsa
1008 3101 1040 3145 re
1057 3081 1293 3144 similitudinem
1311 3079 1380 3158 Dei,

137 3186 190 3270 qui
212 3187 331 3274 caciles
354 3191 407 3264 est,
432 3175 607 3264 (Lloann.
634 3185 687 3252 IV.
713 3186 779 3268 lb,)
809 3205 915 3268 gerere
939 3184 1078 3250 Ecclesia
1103 3181 1251 3249 videatur.
1295 3183 1379 3246 Illud

137 3291 311 3374 estuantem
335 3308 445 3356 munus
472 3290 597 3372 pietatis
621 3289 714 3372 hujus
737 3292 894 3354 maternae
918 3289 1051 3353 manime
1079 3290 1234 3372 proprium
1259 3306 1379 3352 accom-

139 3393 440 3486 modaresapienter
462 3394 563 3477 leges,
595 3393 695 3477 quoad
728 3393 792 3456 fieri
817 3394 937 3477 potest,
961 3393 1000 3456 ad
1023 3395 1178 3474 tempora,
1204 3391 1243 3456 ad
1268 3410 1380 3468 mores,

138 3499 225 3572 etin
247 3497 462 3588 praecipiendo
483 3497 691 3582 exigendoque
714 3516 835 3561 eurnrna
857 3516 976 3580 semper
999 3497 1156 3578 aequitate
1180 3497 1236 3560 uti.
1279 3495 1379 3578 Atque

138 3602 315 3685 hujusmodi
337 3601 556 3674 consruetudine
579 3601 722 3690 caritatis
745 3601 837 3664 simul
861 3601 892 3664 et
915 3601 1087 3684 sapientiae
1103 3600 1246 3678 efficitur,
1266 3600 1301 3662 ut
1319 3599 1379 3662 im·

138 3707 382 3781 mutabilitatem
405 3706 562 3771 doetrinae
586 3706 760 3770 absolutam
780 3707 812 3770 et
827 3704 1047 3788 sempiternam
1065 3723 1136 3768 ourn
1154 3703 1297 3786 prudenti
1315 3702 1378 3766 dis-

138 3811 269 3894 ciplinae
293 3811 444 3876 varietate
472 3809 605 3875 Ecclesia
628 3809 805 3894 conjungat.

241 3915 309 3979 Hac
332 3915 397 3980 Nos
420 3903 699 3978 ratione'animum
721 3915 752 3978 et
774 3915 909 3978 mentem
933 3913 1079 3977 Nostram
1099 3911 1129 3975 in
1147 3911 1281 3996 gerendo
1297 3913 1378 3976 Pon-

136 4019 260 4087 tificatu
282 4019 518 4096 conformantes
541 4017 635 4084 officii
651 4018 758 4083 Nostri
781 4017 922 4082 ducimus
946 4035 990 4094 eo,
1014 4037 1075 4099 quo
1098 4036 1229 4098 aequum
1255 4017 1303 4080 est
1321 4015 1374 4098 ju·

137 4123 218 4190 dicio
238 4125 404 4193 aestimare
424 4125 567 4189 naturam
592 4126 773 4206 temporum,
799 4124 830 4185 et
852 4121 955 4186 omnia
972 4121 1217 4202 circumspicere,
1232 4139 1269 4183 ne
1285 4137 1375 4202 quem

136 4227 308 4294 difficultas
324 4227 479 4299 deterreat
494 4227 533 4292 ab
549 4227 673 4291 utilium
691 4225 907 4290 exercitatione
921 4225 1083 4290 virtutum.
1104 4225 1143 4287 at
1159 4244 1238 4287 nunc
1254 4221 1375 4304 quidem

137 4331 323 4414 perpendere
346 4332 384 4394 ad
402 4331 482 4396 banc
500 4349 639 4394 normam
655 4329 771 4412 placuit
789 4328 986 4393 sodalitatem
1016 4327 1256 4392 Francisenliunr
1282 4325 1378 4390 Ordi-

136 4437 188 4500 nis
210 4435 293 4500 tertii
315 4434 367 4515 qui
390 4435 563 4503 saecularis
588 4433 720 4510 dicitur,
756 4432 981 4516 diligenterque
1015 4432 1170 4508 statuere,
1195 4451 1267 4494 num
1290 4428 1376 4512 leges

137 4539 203 4621 ejus
226 4539 344 4602 modice
366 4537 532 4619 temperari
555 4537 592 4599 ob
616 4538 738 4600 mutata
761 4537 900 4619 tempora
922 4536 1086 4618 oporteret.
