3032 4864
679 649 817 731 xlv.

115 785 117 789 ’
163 787 257 938 Qe
273 783 501 920 0000080810
528 693 655 870 0811180
683 793 719 874 01
746 789 789 871 00
815 775 1064 892 suppressione
1091 751 1343 917 stipendiorum

573 909 576 919 '
668 899 884 995 clericerum.

163 995 236 1026 w
243 996 246 1020 Ι
273 999 443 1106 AuctoreA
464 1051 504 1104 M.
523 999 785 1118 mancaepammus.
804 1051 867 1105 hen
885 1049 956 1105 Eccl.
976 1048 1091 1118 1080800
1110 1045 1303 1114 Turonensis.
1324 1112 1327 1124 .

509 1150 576 1222 (err
595 1153 697 1213 Archiv
715 1156 780 1212 tour.
799 1156 843 1212 50.
861 1172 886 1226 p.
907 1154 957 1210 154
973 1152 1045 1224 sqq)

256 1275 330 1340 Jsm
353 1275 445 1340 antea
468 1273 602 1342 uidimus
624 1275 816 1342 liubernium
847 1275 1015 1342 Gallicum·
1038 1294 1097 1341 non
1124 1273 1245 1340 soluere
1271 1271 1400 1355 quidem

154 1379 402 1458 Concordotnm,
414 1378 467 1446 md
492 1379 582 1444 modo
607 1381 703 1447 menti
717 1380 790 1464 ejus
800 1381 956 1465 bonaeque
971 1378 1044 1446 ndei
1060 1379 1254 1462 repugnante
1273 1375 1401 1459 exseqci

152 1484 242 1549 nelle.
276 1482 399 1548 Similia
419 1501 507 1548 nnnc»
520 1483 651 1550 dicenda
668 1486 744 1550 snut
758 1485 797 1550 de
812 1485 964 1551 Articulis
980 1483 1143 1568 organicis
1159 1501 1278 1566 usuque
1292 1499 1399 1547 eornm

153 1588 335 1672 excogitato.
389 1587 439 1652 Ad
470 1587 681 1671 quaestionem
712 1588 934 1673 suppressionis
962 1587 1187 1672 stipendiorum
1216 1585 1399 1652 olorinorum

153 1694 269 1778 postea.
282 1691 489 1771 deveniemus,
512 1711 591 1776 qnae
614 1693 726 1776 duplex
745 1694 816 1773 erit,
836 1692 909 1777 quia
924 1691 1024 1776 quoad
1040 1690 1197 1776 stipendia
1211 1687 1319 1756 clerici
1331 1689 1397 1773 jann
1506 1739 1508 1770 ,

33 1795 36 1803 '
153 1797 185 1862 in
207 1797 286 1862 duas
309 1798 413 1880 paries
436 1795 527 1860 dirisi
549 1797 639 1875 sunt,
670 1817 705 1862 er
733 1817 796 1863 una
823 1799 927 1881 parte,
956 1795 1174 1874 deservitores,
1205 1793 1315 1861 vicarii
1338 1812 1396 1877 pa·
1507 1773 1508 1830 i

153 1901 313 1979 rechiales,
345 1900 492 1966 canonici·
506 1900 670 1966 stricarii
691 1902 861 1985 generales,
884 1903 926 1980 ei,
947 1919 985 1966 es
1006 1899 1121 1979 alteru.
1137 1899 1239 1966 curati
1260 1900 1294 1964 et
1314 1899 1399 1980 epis·
1507 1943 1508 2000 l

154 2005 230 2088 cepi.
262 2005 440 2070 menecea
460 2004 531 2088 plus
561 2023 655 2088 quam
676 2007 763 2070 2000
783 2004 985 2071 deservitores
1010 2003 1043 2070 in
1064 2002 1313 2070 Galliasalariis
1333 2001 1399 2068 suis
1507 2005 1508 2008 ’

153 2111 336 2278 pnwniliriir
371 2211 597 2278 (toncordatum
632 2212 705 2277 anni
740 2213 823 2278 1801
854 2211 1074 2296 septemdecim
1104 2213 1228 2280 tantum
1248 2211 1400 2278 articulos

12 2327 13 2332 ’
153 2317 301 2395 eontinet,
325 2316 379 2383 alii
401 2316 526 2400 quidem
549 2318 589 2382 ad
612 2318 838 2384 exsecutionem
859 2317 932 2383 addi
945 2317 1098 2400 poterant,
1120 2317 1175 2400 qui
1190 2318 1294 2382 temen
1320 2336 1397 2384 non-

23 2441 24 2444 *
154 2421 214 2485 nisi
245 2421 400 2486 corollarii
432 2441 468 2486 ac
498 2423 715 2506 consequentia
736 2422 873 2506 priorum
897 2441 963 2488 esse
984 2422 1151 2489 debebant.
1196 2420 1399 2502 Sicsiatuti,

153 2545 213 2590 non
235 2525 435 2608 requirebant
456 2526 590 2608 partium
613 2526 776 2592 ambarum
795 2527 1048 2610 approbationem
1065 2525 1335 2604 contrahentium
1363 2528 1401 2591 ut

152 2630 288 2716 legitimi
310 2629 429 2709 fierent,
451 2630 626 2696 snificiebat
643 2630 714 2696 illos
737 2632 776 2696 ab
798 2650 861 2696 nna
882 2633 968 2715 parte
990 2630 1185 2697 matranensi
1204 2629 1295 2715 juxta
1310 2647 1397 2696 rnen-

152 2733 371 2801 tem'foederis
390 2735 455 2819 jam
477 2735 562 2818 pacti
584 2737 724 2800 exaratos
747 2735 859 2814 fuisso,
889 2737 964 2820 quin
995 2730 1095 2802 altera
1119 2754 1191 2820 pare
1213 2736 1323 2800 contra
1346 2753 1399 2800 008

152 2839 405 2906 reclamationem
427 2840 483 2904 aut
504 2838 710 2923 objectionem
729 2838 900 2905 direxisset.

174 2989 175 2992 ,
257 2943 417 3027 Appendix
443 2943 542 3028 igitur
571 2943 655 3027 qnod
682 2943 876 3010 Gubernium
899 2942 1055 3010 Gallicum
1079 2943 1263 3010 concordate
1283 2942 1397 3009 imme·

153 3047 239 3114 diate
254 3047 396 3131 adjunxit
412 3047 469 3112 sub
484 3048 607 3113 nominc
621 3047 829 3114 Articulorum
845 3047 1069 3132 organicorum
1081 3047 1258 3132 legitimum
1274 3047 1396 3128 fuisset,

152 3152 242 3218 medo
261 3152 351 3236 juxta
374 3153 510 3216 mentem
540 3149 724 3218 0008081801
755 3152 864 3236 scripti
895 3151 1041 3232 luissent,
1072 3171 1127 3217 nee
1157 3151 1399 3216 reclamationes

155 3258 280 3323 sanetae
303 3255 385 3321 sedis
407 3255 618 3323 suscitassent.

258 3359 451 3427 Guberuium
474 3358 599 3443 quidem
624 3359 694 3426 illos
720 3359 815 3426 fluere
843 3380 896 3444 per
918 3379 951 3426 se
974 3378 1011 3425 ex
1036 3360 1105 3444 ipso
1132 3360 1333 3440 concordate,
1360 3378 1399 3424 ac
1503 3419 1504 3436 ,

152 3465 336 3550 praesertim
359 3483 395 3530 ex
416 3463 547 3530 articulo
564 3464 662 3547 primo
682 3463 721 3530 ad
737 3465 878 3548 politiam
895 3465 999 3530 cultus
1012 3465 1172 3548 spectante
1187 3465 1395 3532 asseuerabat

153 3569 303 3637 Nonnulli
323 3568 418 3634 etiam
441 3589 477 3634 ex
496 3569 685 3655 jurisperitis
706 3571 759 3654 qui
780 3567 905 3636 Caesari
926 3570 1035 3654 magis¹
1049 3589 1142 3653 qnam
1162 3569 1229 3636 Deo
1247 3569 1398 3634 obediunt

153 3675 203 3740 rel
224 3675 325 3758 potine
344 3673 403 3739 soli
425 3673 604 3743 eice-Siciui
625 3675 778 3756 serviunt,
808 3674 1033 3740 contendebant
1062 3675 1249 3758 potestatem
1270 3673 1397 3740 ciuilem

45 3809 47 3814 ·
123 3789 126 3796 “
153 3780 212 3845 hac
233 3778 266 3843 in
287 3798 320 3844 re
342 3777 463 3843 nonnisi
482 3779 533 3863 jus
553 3798 729 3862 supremum
753 3779 972 3846 moderationis
1000 3799 1037 3845 88
1064 3779 1223 3846 custodias
1242 3777 1395 3862 persequi,

153 3883 233 3968 quod
256 3903 293 3947 er
312 3901 432 3948 sommo
455 3900 510 3949 suo
532 3882 707 3968 principatu
729 3884 855 3964 manat,
889 3884 999 3967 cuique
1033 3902 1088 3949 nec
1121 3883 1228 3950 foedus
1258 3883 1396 3948 solemne

153 3985 465 4155 {Zacordatikopponi
487 3989 618 4072 poterat,
642 3987 795 4073 siquidem
816 3986 902 4052 nulla
923 3987 1125 4072 praescriptio
1140 3989 1248 4054 contra
1262 3987 1326 4052 tale
1343 3985 1396 4071 jus

55 4238 97 4280 ‘s
116 4211 133 4217 ··
160 4107 221 4190 ‘n
243 4108 332 4256 pgiie
341 4213 360 4257 8
381 4193 496 4259 nullius
519 4195 668 4261 memoria
694 4194 769 4261 exiit
798 4194 995 4261 (iardinalem
1031 4195 1167 4279 (laprara
1200 4213 1236 4260 ex
1264 4213 1395 4280 persona

9 4259 73 4316 '‘²‘'
154 4295 315 4361 Pontificis
339 4295 469 4361 Romani
490 4299 597 4363 contra
619 4291 774 4382 praelatos
801 4300 948 4366 articulos
977 4301 1086 4366 statim
1114 4300 1315 4379 reclamasse,
1340 4301 1395 4384 qui

154 4399 247 4465 simul
270 4417 306 4463 ac
330 4398 554 4466 Concordatum
580 4422 599 4467 a
631 4403 787 4468 (inhercie
816 4405 1005 4489 promulgati
1035 4405 1175 4482 inerunt,
1202 4404 1394 4470 ostendendo

153 4503 224 4567 illos
246 4521 282 4567 ex
304 4501 361 4566 hoo
383 4503 473 4584 08800
495 4523 688 4588 nequaquam
706 4506 859 4587 defluere,
891 4509 972 4591 qnod
1003 4527 1019 4572 8
1048 4509 1156 4573 contra
1181 4526 1304 4592 prorsus
1327 4507 1394 4574 vie·
