3074 4870
146 139 223 251 ¹liiii
255 222 270 232 ..
320 161 432 240 necao
452 160 721 236 cranemerae.
741 161 811 228 „uae
829 161 919 216 rasa·
938 161 1051 216 vraoc.
1071 166 1139 217 aar.
1159 163 1224 216 oro.

148 331 278 408 decursu
302 331 488 416 perplexior:
512 333 606 416 atque
625 331 704 396 illud
726 333 758 398 in
782 333 1008 399 contentionem
1029 352 1119 415 saepe
1140 333 1293 411 veniebat,
1316 354 1392 398 num

148 435 186 499 de
208 435 379 518 pontificali
402 436 598 520 indulgentia
622 437 714 500 certis
737 437 768 500 in
793 437 909 502 caussis
934 438 1098 516 constaret,
1121 440 1152 503 et
1167 457 1225 521 quo
1242 440 1392 522 ternpore,

149 559 244 626 quove
268 560 377 624 genere
400 541 507 607 eadem
531 542 578 607 uti
601 541 648 606 ias
672 543 761 608 esset.
799 541 889 606 Certe
912 540 1087 608 desiderata
1110 561 1169 606 non
1193 544 1240 606 est
1257 542 1386 623 Aposto-

148 645 227 726 lioae
251 643 337 727 Sedis
362 645 419 736 lrac
450 645 482 711 in
512 665 543 710 re
570 644 780 728 providentia:
813 665 848 710 ac
881 645 1063 724 nominatim
1097 645 1284 712 Benedictus
1305 646 1392 712 XIV.

150 751 186 836 R
208 749 249 835 lli,
277 749 504 828 Constitutione
532 750 587 816 Ac
609 751 788 818 Romanum
811 749 992 830 Pontificem
1022 750 1072 826 die
1105 751 1153 814 15.
1179 749 1288 814 Martii
1311 769 1393 813 anno

150 854 230 934 1751
257 851 409 938 tollendas
433 856 546 936 priores
564 853 779 938 ‚dubitationes
804 853 942 931 curavit;
976 873 1037 920 nnn
1066 873 1181 936 pancas
1209 854 1333 931 tamen,
1357 855 1394 918 nt

149 957 215 1032 iere
235 957 281 1035 iit,
305 957 404 1020 denuo
427 957 536 1022 attulit
559 956 634 1020 dies.
1363 1029 1365 1036 ‚

253 1060 459 1141 Quamobrem
484 1059 661 1146 hujusmodi
684 1059 944 1125 incommodorum
969 1061 1156 1144 cogitatione
1180 1061 1325 1142 adducti,
1357 1081 1393 1126 ex

151 1184 238 1228 sacro
261 1164 395 1229 Consilio
419 1164 626 1248 indulgentiis
649 1168 804 1246 sacrisque
828 1163 967 1247 reliquiis
989 1166 1114 1230 tuendis
1137 1151 1310 1247 praeposito
1334 1165 1392 1228 ali·
1522 1155 1523 1232 i

151 1271 226 1351 quot
249 1267 278 1334 S.
304 1269 337 1332 u.
364 1269 399 1334 n.
424 1267 601 1333 Cardinales
623 1268 866 1347 destinavimus,
892 1268 945 1351 qui
968 1268 1055 1352 leges
1078 1267 1301 1333 Tertiariorum
1324 1268 1390 1350 pri-

151 1374 248 1439 stinas
272 1391 340 1457 enm
365 1392 439 1447 nura
462 1375 731 1456 recognoscerent;
752 1373 827 1438 item
851 1372 1063 1458 indulgentias
1087 1374 1118 1438 et
1140 1372 1304 1456 privilegia
1326 1391 1393 1436 orn-

153 1477 203 1551 nia
217 1477 254 1552 ¹in
270 1476 524 1555 commentarium
541 1478 640 1540 relata
657 1477 884 1554 enanrinarent3
909 1476 1109 1559 adhibitoque
1131 1475 1322 1560 intelligenti
1341 1476 1393 1559 jn·

152 1581 243 1657 dicio,
267 1580 325 1646 hac
349 1580 386 1642 de
402 1600 434 1645 rc
451 1581 489 1644 ad
506 1582 571 1646 Nos
586 1583 745 1660 renerent,
766 1582 840 1664 quid
864 1581 1059 1646 retinendum
1082 1581 1193 1666 quidve
1217 1581 1393 1648 novandum

153 1704 214 1767 pro
229 1687 400 1768 temporum
424 1685 598 1751 conditione
618 1687 817 1752 censuissent.
848 1686 1029 1763 Transacto,
1045 1687 1092 1750 uti
1108 1687 1293 1770 imperatum
1316 1687 1393 1763 erat,
1523 1711 1524 1720 ¹

153 1788 287 1871 negotio,
311 1788 333 1851 ii
356 1789 481 1872 quidem
503 1790 600 1854 Nobis
624 1793 765 1855 auctores
788 1791 922 1870 fuerunt,
944 1791 1030 1874 leges
1053 1792 1171 1856 veteres
1194 1791 1278 1854 flecti
1301 1792 1394 1874 atque

154 1892 349 1980 accomodari
365 1893 403 1957 ad
428 1894 484 1960 has
507 1896 645 1960 recentes
667 1894 791 1959 vivendi
807 1894 1045 1960 consuetudines
1061 1896 1208 1978 oportere,
1233 1914 1303 1960 cum
1319 1913 1394 1976 quo·

154 1997 295 2064 rumdam
319 1999 457 2092 capitum
479 1999 696 2066 immutatione
727 2000 884 2065 nonnulla.
932 2001 977 2064 De
1007 1999 1215 2082 indulgentiis
1240 2019 1325 2078 vero,
1357 2017 1393 2062 ne

153 2102 207 2185 qui
230 2101 423 2184 relinquatur
439 2103 611 2171 haesitandi
631 2105 723 2184 loeus,
740 2103 981 2187 prohibendique
998 2103 1251 2186 caussapericuli
1267 2122 1304 2167 ne
1320 2101 1393 2184 quid

153 2225 224 2269 non
236 2205 304 2288 jure
327 2205 397 2284 fiat,
421 2207 564 2273 arbitrati
586 2211 676 2286 sunt,
701 2209 765 2274 Nos
790 2208 828 2274 ad
852 2208 1025 2292 exemplum
1050 2207 1210 2272 Benedicti
1234 2203 1317 2270 XIV.
1341 2225 1392 2273 sa·
1524 2269 1525 2290 q

155 2412 297 2478 omnibus
320 2433 398 2497 quae
422 2415 570 2496 hactenus
595 2416 771 2495 valuerant,
804 2417 882 2484 alias
910 2415 1060 2499 quasdam
1091 2435 1125 2480 cx
1154 2415 1276 2502 integro
1296 2413 1395 2480 eidem

99 2547 107 2572 x
156 2517 300 2590 sedalitio
324 2518 558 2586 decreverimus.
1392 2587 1397 2597 ,

259 2623 340 2705 Ergo
363 2623 443 2706 qnod
464 2625 575 2688 bonum
597 2624 728 2707 felixque
752 2623 811 2702 sit,
835 2624 894 2690 Dei
917 2625 1048 2708 gloriam
1070 2623 1256 2705 amplificet,
1278 2623 1310 2688 et
1332 2623 1396 2706 pie·

156 2726 232 2791 tatis
254 2727 466 2814 virtutumque
489 2731 659 2794 ceterarum
677 2728 781 2793 studia
803 2729 903 2814 magis
928 2728 1086 2806 accendar,
1112 2727 1174 2792 Nos
1197 2726 1246 2791 his
1269 2726 1396 2791 Litteris

154 2309 274 2392 pientes
300 2308 478 2394 utiliterque
509 2311 665 2390 facturos,
697 2313 724 2379 si
755 2312 907 2378 revocatis
936 2313 1156 2395 abrogatisqne
1187 2309 1395 2394 indulgentiis
1524 2307 1525 2326 ³

157 2830 342 2895 auctoritate
373 2832 487 2896 Nostra
514 2832 683 2916 apostolica
712 2833 826 2916 Legem
860 2832 1103 2898 Frauciscalium
1135 2831 1259 2897 Ordinis
1289 2829 1396 2908 Tertii,
1525 2823 1526 2856 ³

156 2933 209 3015 qni
230 2934 404 3002 accentoris
428 2935 550 3014 dicitur,
575 2956 609 3004 co
634 2937 721 3004 modo
744 2956 804 3020 qno
826 2936 907 3002 infra
929 2936 1085 3019 descripta
1109 2935 1166 3013 est,
1195 2952 1344 2998 novamus
1367 2935 1397 2998 ct

157 3036 321 3124 sancimus.
367 3037 432 3120 Qun
464 3040 567 3104 tamen
600 3041 680 3105 iacto
704 3039 783 3104 nihil
805 3039 963 3124 demptum
988 3040 1025 3106 de
1049 3041 1115 3122 ipsa
1138 3038 1262 3104 Ordinis
1286 3039 1398 3102 natura

158 3143 301 3224 putatum
329 3161 422 3223 qnam
445 3143 567 3207 omnino
591 3144 731 3210 volumus
753 3144 953 3208 immutatam
977 3147 1069 3228 atque
1093 3143 1247 3226 integram
1271 3159 1392 3223 perma-

159 3263 239 3309 nere.
288 3245 450 3310 Praeterea
471 3265 636 3328 poenarum
659 3246 907 3323 remissionibus,
937 3266 991 3311 seu
1018 3245 1241 3330 indulgentiis,
1274 3243 1398 3327 privile-

158 3348 296 3434 giisque,
326 3369 405 3432 quae
431 3349 510 3414 inira
531 3351 564 3414 in
587 3351 688 3415 indice
708 3351 921 3430 recensentur,
953 3350 1074 3416 eosdem
1102 3349 1222 3416 sodales
1242 3349 1289 3412 nti
1311 3366 1398 3429 posse

160 3453 300 3516 volumus
324 3454 355 3518 et
372 3451 525 3536 jubemur,
550 3455 682 3520 sublatis
703 3455 825 3539 penitus
840 3454 1059 3539 Indulgentiis,
1084 3452 1313 3537 privilegiisque
1329 3451 1399 3516 uni-

161 3557 273 3633 versiS,
303 3577 388 3642 quae
407 3558 505 3624 eidem
536 3559 678 3625 sodalitio
711 3560 787 3624 haec
816 3560 995 3644 Apostolioa
1019 3557 1112 3624 Sedes
1137 3576 1328 3640 quocumque
1352 3556 1398 3622 vel

158 3661 296 3741 tempore
319 3661 367 3726 vel
390 3663 512 3730 nomine
534 3664 584 3728 vei
606 3663 704 3728 ferma
726 3664 797 3728 ante
820 3663 899 3728 hanc
922 3661 1004 3728 diem
1027 3663 1227 3728 concesserat.

218 3831 277 3900 lex
299 3831 449 3900 sodalium
474 3834 702 3902 irrationalium
724 3835 806 3903 tertii
828 3834 940 3901 ordinis
960 3835 1008 3918 qui
1031 3835 1200 3900 saecularis
1222 3835 1337 3901 dicitur.

337 3957 466 4042 Cael.
502 3958 553 4023 De
579 3957 786 4040 Oooptctiona
812 3957 980 4035 Tiresiam,
1006 3957 1214 4040 Professa'one.

243 4080 292 4164 r§.
320 4081 347 4144 1.
379 4080 428 4148 Ne
449 4099 525 4163 quos
546 4080 683 4163 cooptari
705 4079 816 4158 liccat,
847 4078 907 4145 nisi
935 4078 1065 4163 majores
1087 4078 1321 4162 quatuordecim
1344 4099 1400 4146 an-

161 4202 284 4262 norum,
308 4201 418 4265 eosque
441 4184 517 4248 bene
540 4184 689 4261 moratos,
711 4183 880 4248 retinentes
904 4182 1099 4261 concordiae,
1123 4184 1215 4265 etque
1238 4183 1399 4266 inprimis

161 4286 328 4352 sanctitate
345 4287 541 4368 professionis
558 4287 728 4352 catholicae
745 4286 899 4368 probatos,
923 4288 1123 4372 spectatoque
1139 4307 1213 4370 erga
1230 4288 1399 4352 ileclesiam

162 4390 333 4456 Romanam
356 4389 527 4473 Sedcmque
551 4390 760 4473 apostolicam
782 4390 936 4473 obsequio.

265 4494 293 4578 ᾗ.
315 4495 345 4561 2.
380 4494 519 4577 Nuptae,
541 4494 601 4558 nisi
623 4493 739 4559 sciente
762 4495 794 4557 et
816 4494 1026 4559 consentiente
1050 4493 1123 4573 viro,
1148 4511 1185 4557 ne
1208 4494 1399 4576 coaptentur,
