3032 4864
163 157 228 222 240
270 175 457 242 Noardssna,
480 174 523 230 De
541 177 686 230 concord.
707 175 788 230 Gall.
806 179 836 230 et
854 177 891 230 dc
910 192 998 246 arrpp.
1017 180 1089 246 stip.
1108 179 1305 234 amcam.
1342 146 1348 155 Ι

163 347 287 414 vicariis
313 347 526 430 generalibus,
558 346 721 430 capitulis,
751 346 990 413 deservitoribus
1009 349 1046 412 et
1068 349 1228 414 vicariis«
1250 381 1254 388 -
1273 351 1409 415 Mutatio

163 452 255 530 haec,
293 450 421 516 minima
453 453 559 516 tamen
591 453 708 533 specie,
744 470 847 518 coram
881 451 1009 516 Senatui
1041 453 1276 518 reclamationes
1299 456 1408 522 statim

163 555 344 632 suscitavit,
376 555 449 637 quia
481 553 591 624 mento
612 557 790 638 suspectum
815 557 884 620 erat
906 556 1058 637 quomodo
1081 575 1118 621 ea
1140 559 1312 624 uterentur.
1364 558 1411 622 ›ss

116 742 119 746 ,
161 680 200 726 ne
222 662 316 743 s'agit
339 658 376 722 de
399 657 464 721 riou
487 657 602 734 moins,
632 659 792 742 inquiebat
822 659 866 723 M.
898 660 927 723 la
957 659 1100 724 stuateur
1130 659 1279 726 [rambert
1301 660 1410 726 Saiute

163 764 253 832 Oroix
272 764 304 826 iu
326 762 460 831 sessione
482 761 545 826 diei
570 762 622 826 23.
646 761 818 828 decembris
843 763 942 840 1883,
956 849 961 856 ,
975 782 1035 845 que
1066 763 1157 854 dinae
1183 783 1312 832 mensos
1342 785 1412 830 sns-

161 868 280 952 pcudue
310 885 364 930 sur
393 867 422 930 le
451 865 634 930 traitemeut
661 867 700 930 de
729 869 799 934 tous
827 866 873 930 les
904 867 1100 935 desserreuts
1126 867 1185 942 das⁴
1209 887 1411 954 campagnes,

162 974 239 1038 c¹est
259 975 279 1036 a
300 971 366 1038 dire
387 969 478 1053 qu'on
501 970 614 1034 touche
636 971 654 1033 a
676 969 853 1036 i'existenoe
874 971 914 1035 de
937 973 1061 1049 30000Ι
1079 972 1261 1054 paruisses«

266 1075 407 1140 Minister
426 1077 533 1138 tamen
556 1074 759 1158 Negotiorunr
787 1076 981 1142 internorum
1001 1076 1067 1158 ipse
1088 1076 1263 1148 'declararit
1285 1079 1410 1144 costum

164 1181 389 1264 Depntaturum
413 1177 546 1242 noluisse
568 1178 628 1245 nisi
650 1179 832 1262 consignare
855 1179 975 1244 fastum
997 1179 1073 1256 irae,
1106 1199 1228 1263 nempe,
1260 1181 1411 1262 pecunias

162 1287 243 1352 clero
269 1283 382 1367 gallico
411 1282 590 1346 numeratas
621 1301 658 1346 er
681 1282 798 1366 duplici
832 1281 917 1348 fonte
949 1301 1090 1348 manare:
1119 1283 1251 1351 alteram
1288 1286 1410 1367 param

162 1408 240 1472 qnae
269 1387 420 1470 episeopis
450 1388 482 1452 et
510 1387 654 1470 parochis
676 1388 817 1466 soluitur,
849 1388 880 1452 iu
903 1386 1088 1454 concordata
1112 1406 1255 1470 expressa
1275 1389 1412 1472 stipula·

160 1493 227 1560 tarn
250 1511 326 1570 esse,
350 1491 425 1556 dum
447 1492 576 1556 alterius
599 1492 766 1574 vestigium
785 1511 865 1574 quae
888 1492 928 1556 ad
949 1492 1152 1558 deservitores
1172 1493 1314 1574 spectat,
1339 1494 1411 1558 tan—

159 1596 319 1680 tummodo
339 1596 370 1660 in
386 1597 541 1680 organicis
561 1589 730 1678 reperitu13
753 1596 807 1674 sic,
831 1597 934 1662 verbis
949 1595 1057 1660 stricte
1074 1597 1217 1679 sumptis,
1240 1596 1409 1679 pecuniam

161 1700 310 1784 episcopis
336 1709 368 1764 et
396 1701 536 1782 parochis
568 1701 761 1766 numeratam
796 1699 985 1782 stipendium
1019 1719 1084 1764 esse
1117 1700 1408 1778 concordatas-sam,

162 1805 289 1871 minime
310 1823 379 1870 vero
395 1805 480 1869 illam
497 1804 736 1870 deservitoribns
757 1821 944 1871 concessam.
980 1803 1090 1886 Itaque
1107 1803 1235 1871 Relator
1250 1805 1409 1888 generalis

162 1909 254 1992 bnjus
275 1927 384 1974 causae
404 1909 553 1972 addebat:
578 1909 622 1972 bix
644 1909 700 1972 boc
715 1909 838 1973 constat
855 1907 937 1990 quod
953 1908 1234 1974 Parlamentarium
1250 1908 1409 1992 sbpeuffia

160 2013 363 2095 parochorum
397 2012 519 2077 abolere
553 2012 620 2094 jure
655 2011 762 2094 nequit
792 2031 880 2078 secrrs
901 2031 938 2076 ac
959 2031 1014 2094 uer
1038 2014 1144 2079 actum
1165 2013 1408 2094 aptosaratm

162 2135 231 2182 eum
253 2116 368 2182 Sancta
390 2116 485 2194 Sede,
521 2116 594 2199 quia
624 2116 771 2180 salarium
794 2116 971 2200 hujusmodi
992 2117 1081 2199 juxta
1103 2116 1197 2182 verba
1220 2116 1408 2186 Concordati

163 2222 346 2304 promissum
370 2221 431 2284 fuit
454 2240 490 2286 ao
511 2221 658 2298 debetur,
689 2221 761 2284 duur
785 2224 900 2285 merces
920 2222 1103 2286 vicariorum
1127 2224 1159 2287 et
1182 2219 1407 2292 deserviturum

162 2325 237 2408 ipsis
261 2328 448 2403 numeratur,
473 2344 529 2390 uon
554 2326 590 2390 ut
613 2325 752 2389 debitum
775 2344 810 2389 cx
833 2325 923 2408 pacto
945 2344 1084 2402 manans,
1107 2325 1161 2392 sed
1185 2325 1353 2392 dumtaxat
1371 2327 1408 2390 ut

161 2429 330 2512 proemium
355 2449 389 2496 er
412 2430 480 2514 lege
503 2431 625 2496 iuterna
647 2449 843 2507 neumarum
867 2448 955 2513 porro
980 2431 1028 2494 lex
1051 2432 1113 2495 ista
1134 2430 1258 2496 interna
1281 2429 1408 2512 per-ai-

161 2537 261 2598 teram
286 2534 438 2600 internam
462 2536 575 2599 mutari
598 2535 719 2617 potest,
749 2534 824 2618 quin
845 2534 882 2598 ad
903 2537 1007 2598 actum
1031 2554 1145 2600 norum
1168 2533 1406 2616 diplomaticum

162 2641 346 2705 recurratur:
391 2639 466 2704 Tale
496 2639 666 2724 proemium
700 2639 821 2705 nonnisi
851 2658 936 2704 mera
969 2638 1145 2704 liberalitas
1174 2639 1222 2702 est
1252 2641 1408 2722 exparte

162 2743 321 2809 Guberuii.

266 2848 324 2911 Vir
346 2850 451 2912 autem
475 2847 634 2913 distinctio
657 2849 743 2927 baec,
763 2867 841 2931 quae
863 2847 942 2913 nibil
965 2847 1049 2913 aliud
1066 2866 1102 2911 aa
1118 2846 1312 2932 consignatio
1327 2846 1406 2912 iacti

161 2970 197 3014 ex
220 2950 319 3016 verbis
343 2950 480 3016 Ministri
500 2971 567 3016 esse
589 2953 737 3033 debebat,
760 2972 780 3016 a
802 2951 957 3017 Gubernio
981 2950 1158 3035 excogitata
1180 2950 1299 3031 inerat,
1322 2971 1407 3032 eum,

161 3055 231 3138 lege
253 3055 464 3138 Impensarum
488 3055 681 3139 publicarum
705 3059 780 3121 tune
803 3056 1020 3140 promulgata,
1051 3040 1206 3138 stipendia
1231 3055 1406 3124 deservito-

161 3178 230 3223 rum
253 3158 304 3223 bic
330 3160 362 3223 et
390 3159 455 3224 illic
481 3160 673 3226 tollerentur.
718 3160 788 3226 Nou
817 3159 919 3226 miuus
949 3179 1041 3242 quam
1072 3159 1158 3224 2000
1186 3160 1253 3244 jam
1283 3179 1405 3244 suppu-

161 3264 279 3330 tantur.

266 3367 413 3432 Attamen
438 3368 467 3431 l.
490 3367 699 3449 Gubernium,
731 3371 767 3434 ut
790 3367 940 3448 uidimus,
972 3367 1093 3432 nullum
1117 3368 1213 3433 babet
1232 3368 1284 3451 jus
1307 3367 1405 3434 istam

159 3471 389 3538 distinctionem
413 3473 587 3551 statuendi,
611 3493 680 3538 cum
703 3492 822 3556 semper
843 3472 1047 3539 declaraverit
1070 3472 1218 3539 articulos
1241 3474 1405 3558 organicos

160 3597 220 3644 nou
243 3597 308 3643 esse
330 3579 431 3662 legem
455 3575 514 3640 nisi
538 3577 576 3642 ad
600 3578 801 3645 ordinandam
823 3577 1012 3644 Concordati·
1029 3577 1255 3654 exsecutionem
1277 3579 1310 3642 et
1332 3595 1404 3644 carn

159 3684 283 3751 aliunde
306 3686 471 3767 utrumque
492 3683 721 3768 promulgatum
742 3685 835 3751 inerit
852 3702 911 3752 nuo
928 3683 1022 3748 simul
1039 3702 1110 3749 cum
1125 3682 1234 3748 titulo:
1261 3682 1335 3746 »Lei
1352 3701 1402 3746 re-

159 3789 254 3855 lativa
277 3789 295 3853 a
318 3788 552 3873 i’crgauisaticu
582 3789 636 3853 des
664 3788 780 3858 cuites:
811 3791 843 3854 la
874 3789 1056 3854 couvention
1085 3787 1192 3871 passae
1217 3787 1236 3850 a
1260 3786 1350 3851 Paris
1373 3785 1404 3850 lc

159 3895 212 3960 26.
235 3893 387 3960 Messidnr
409 3911 449 3957 au
470 3892 524 3958 IX.
551 3894 638 3958 autre
664 3893 695 3958 le
728 3894 812 3977 Pape
845 3895 877 3960 et
911 3892 942 3958 le
972 3892 1224 3959 Gouverusment
1256 3890 1402 3978 traucais.

160 3997 311 4064 carambis
338 3998 383 4063 les
410 3995 535 4062 articles
557 3997 740 4082 orgauiques
763 3997 800 4064 de
820 3996 918 4064 ladite
941 3996 1155 4063 massutior.
1180 4045 1186 4059 .
1211 4047 1218 4062 .
1240 4045 1248 4062 .
1271 3994 1349 4061 dont
1370 3995 1403 4060 la

27 4073 54 4143 '.
160 4104 270 4166 teuour
291 4101 356 4167 suit
379 4151 386 4166 .
411 4119 417 4166 ·.
442 4151 449 4168 .
475 4149 482 4164 .
507 4102 610 4167 serent
633 4100 830 4186 promulgata
855 4102 888 4166 et
917 4100 1060 4168 executa
1089 4118 1207 4166 comme
1230 4098 1289 4198 icis
1309 4099 1347 4165 dc
1369 4100 1403 4164 la

161 4204 354 4288 Republiqne
376 4204 557 4291 bananiae«

264 4307 294 4371 2.
318 4305 472 4385 Quinimo,
495 4308 630 4372 admissa
652 4309 746 4374 etiam
770 4307 968 4373 distinetione
991 4309 1141 4391 praefata,
1165 4307 1264 4372 altera
1283 4307 1336 4373 lca
1351 4307 1404 4372 in·

160 4417 251 4474 terna
273 4407 409 4491 proiecto
431 4411 608 4492 requiritur,
637 4413 673 4475 ut
697 4411 781 4493 prior
801 4411 939 4489 mutetur
961 4414 992 4477 et
1015 4412 1191 4490 abdicatum
1223 4411 1312 4494 atqui
1342 4411 1401 4476 Se·

161 4511 254 4576 norm
276 4510 452 4576 constanter
467 4513 526 4579 boc
540 4514 650 4580 babuit
664 4513 855 4593 institutum,
879 4514 999 4582 scilicet
1014 4517 1055 4582 ad
1070 4516 1281 4602 abrogandam
1296 4517 1402 4600 legem
