3028 4880
249 124 350 180 (louet.
370 125 392 178 1.
414 125 459 181 De
477 125 545 192 fide.
574 125 646 194 Cap.
665 127 694 179 4.
716 125 759 179 De
779 125 1018 195 blasphemius!
1038 129 1269 194 superstitione.
1308 107 1373 174 393

130 297 208 362 nunt
231 296 261 360 in
285 315 377 362 causa
399 297 461 362 sire
485 297 582 375 cirili,
606 297 671 362 sive
694 296 863 374 criminali,
887 297 951 362 sive
973 297 1205 375 ecclesiastem
1228 297 1259 361 in
1280 317 1369 364 eam*

130 401 200 464 dem
235 419 363 483 poenam
393 401 556 466 incurrunt
589 399 628 466 sd
665 401 698 465 id
735 401 850 465 crimen
886 401 1084 480 inducentes,
1124 403 1229 467 secuto
1266 403 1372 467 tamen

130 505 274 588 perjurio.

234 618 303 683 Vll.
334 617 416 682 lllud
441 618 545 682 autern
566 636 663 700 genus
686 617 865 684 horridioris
888 616 1116 700 blasphemiae,
1140 637 1204 702 qno
1231 617 1373 700 maligni,

127 723 201 788 vani
222 724 253 787 et
272 741 407 806 nugaces
435 721 574 786 homines
605 739 657 804 per
687 724 823 804 magiam
856 721 977 786 diabulo
1010 722 1110 786 omnis
1145 723 1220 787 mali
1254 723 1374 788 sueioii

127 827 310 904 adbaerent,
335 845 351 892 e
386 827 485 892 aDoo
500 826 621 892 infinito
636 827 773 892 omnium
792 827 940 892 bonorum
957 826 1049 892 ‘tonte
1069 825 1228 905 recedunt,
1252 831 1373 892 execra-

126 949 207 995 mur
222 929 418 1014 peculiariter
442 932 474 995 et
498 931 690 996 damnemus.
776 945 793 1013 ᾗ
881 1001 882 1012 χ
1045 955 1048 963 ⁴

227 1050 320 1117 ‘VIlL
355 1051 436 1118 Usus
466 1051 664 1137 magnetismi
681 1052 858 1131 animalis,
892 1055 1046 1135 quatenus
1079 1055 1125 1117 est
1154 1043 1258 1117 'merus
1284 1043 1374 1118 actus

126 1155 297 1221 adhibendi
321 1156 422 1221 media
447 1157 583 1242 physica,
608 1157 731 1224 aliunde
753 1157 851 1234 licita,
880 1159 912 1221 ct
934 1157 1163 1240 proportionata
1184 1155 1232 1234 ad
1247 1154 1373 1221 allectus

127 1279 214 1325 mere
236 1261 377 1345 physicos
401 1262 431 1325 et
456 1243 614 1326 naturales
637 1261 864 1344 producendos
889 1262 1007 1326 remoto
1030 1261 1254 1340 ornni'errore,
1281 1261 1373 1326 sorti-

127 1364 221 1448 legio,
246 1364 391 1448 explicita
415 1366 470 1429 aut
489 1365 642 1448 implicita
665 1365 823 1429 daemonis
839 1365 1041 1443 invocatione,
1068 1386 1132 1431 uon
1150 1369 1196 1431 eet
1210 1357 1375 1430 moraliter

125 1469 251 1546 uetitus,
275 1469 440 1534 dummodo
463 1490 525 1533 nou
549 1471 656 1536 teudut
678 1471 721 1534 od
740 1471 835 1552 piueru
857 1466 1003 1534 illicitum
1025 1475 1080 1534 out
1095 1462 1376 1552 quomodocumque

124 1592 272 1660 prunum.
312 1571 447 1638 Effectus
470 1592 549 1652 vero,
574 1573 628 1657 qui
650 1572 769 1637 nnllam
793 1574 916 1639 omnino
937 1573 1165 1656 proportionem
1189 1591 1259 1639 enm
1281 1593 1375 1638 causa

127 1678 267 1741 naturali
291 1677 426 1754 babent,
461 1678 567 1760 quales
601 1679 674 1742 sunt
708 1677 761 1760 qui
797 1677 923 1742 veniunt
950 1675 1072 1742 nomine
1094 1668 1374 1758 somuombutie'mi,

126 1781 310 1864 spiritisui,
334 1782 522 1848 evocationis
544 1784 725 1848 orsiuuruu
748 1789 961 1859 mortuorum,
992 1783 1024 1845 el
1051 1781 1112 1846 aba
1134 1779 1167 1846 id
1190 1773 1376 1865 genus'sine
1426 1823 1427 1826 =

127 1885 219 1970 gravi
242 1888 367 1969 peceato
390 1888 513 1950 omnino
534 1887 682 1952 attentari
702 1905 763 1950 non
786 1886 914 1968 possunt
937 1886 1048 1970 (lipist.
1073 1885 1197 1970 lincycl.
1220 1885 1250 1952 S.
1264 1883 1300 1952 R.
1323 1879 1375 1950 In'·

131 1990 320 2074 quisitionis,
344 1989 394 2054 die
413 1989 444 2055 4.
468 1992 549 2074 Aug.
575 1989 682 2072 1856).

104 2105 107 2110 ’
235 2109 290 2176 ΙΧ.
324 2111 373 2175 Ad
397 2110 593 2177 deterrendos
615 2113 720 2176 autern
745 2113 865 2178 nostros
887 2109 1027 2176 subditos
1050 2111 1088 2178 ab
1111 2111 1289 2194 hujusmodi
1312 2111 1374 2177 cri·

130 2215 266 2280 minibus
290 2215 440 2292 volumus,
462 2217 494 2279 et
517 2215 719 2294 declaramus,
744 2215 1092 2280 excommunicationem
1117 2213 1214 2281 Nobis
1237 2199 1388 2284 reserva.

129 2323 198 2386 tam
221 2321 286 2404 ipso
307 2319 389 2384 facto
413 2318 533 2385 subire:
1069 2319 1071 2324 ’
1145 2309 1146 2314 ¹

239 2443 265 2506 l.
298 2439 411 2508 Omnes
431 2441 592 2524 utriusque
616 2421 721 2519 sexus,
743 2441 797 2524 qni
817 2441 895 2506 inito
918 2443 1010 2526 pacto
1034 2462 1105 2532 eum
1130 2443 1296 2524 daemona,
1313 2423 1377 2508 'aut

131 2565 202 2612 cum
221 2545 413 2611 invocatione
438 2545 534 2628 ipsius
560 2545 716 2610 daemonis
739 2565 898 2629 expressa,
922 2547 969 2612 vel
992 2547 1111 2626 tacita,
1141 2549 1246 2612 actum
1269 2565 1376 2630 super·

131 2649 284 2728 alitionis,
307 2648 527 2734 cujuscumque
551 2649 689 2733 generis,
719 2651 933 2729 committunt,
966 2651 1015 2718 val
1039 2635 1086 2716 ad¹
1101 2651 1243 2716 eumdem
1269 2654 1374 2718 actum

60 2795 69 2810 ·
132 2754 265 2828 scienter
288 2753 459 2831 inducunt;
1323 2763 1334 2780 “

233 2877 263 2942 2.
301 2874 416 2940 Omnes
442 2875 603 2958 utriusque
626 2894 732 2954 serus,
763 2874 817 2958 qni
849 2875 895 2940 vel
931 2895 985 2958 per
1018 2894 1068 2954 se,
1105 2877 1153 2942 vel
1186 2895 1242 2960 per
1278 2877 1374 2942 alium

128 2977 331 3044 Sanctissimo
354 2978 475 3043 Altaris
497 2977 710 3055 Sacramenta,
745 2979 938 3058 chrismate,
974 2979 1048 3045 Oleo
1072 2978 1203 3058 Sancto,
1234 2982 1289 3047 aut
1314 2981 1376 3046 alia

130 3101 322 3167 quacumque
345 3101 378 3148 rc
401 3084 580 3150 consecrata
602 3083 640 3146 ad
657 3083 805 3148 veneficia
825 3083 997 3168 sortilegia,
1021 3083 1236 3163 divinationes,
1261 3085 1374 3150 autad

131 3188 228 3252 alium
251 3205 350 3262 usum,
375 3207 466 3270 quam
488 3187 604 3254 fuerint
620 3188 765 3252 instituta
781 3188 813 3254 et
827 3188 978 3264 ordinata,
996 3189 1226 3272 quomodolibet
1239 3189 1375 3257 abutun-

130 3295 200 3367 tur;
225 3310 335 3376 eosque
358 3291 454 3356 etiam
476 3292 529 3374 qui
551 3291 588 3355 de
604 3291 771 3374 praedietis
794 3293 832 3356 ad
857 3293 1028 3375 praedictos
1051 3293 1127 3360 lines
1150 3293 1268 3378 sliqmd
1286 3313 1376 3368 ¹sunr-

131 3396 259 3478 pserint,
282 3396 330 3462 vel
353 3395 446 3460 alicui
468 3395 612 3462 dederint
637 3399 691 3460 aut
707 3396 816 3460 datum
832 3397 1018 3481 acceperint,
1036 3398 1132 3464 etiarn
1147 3413 1239 3481 opere
1255 3397 1376 3464 intenta

130 3500 259 3564 minime
281 3499 446 3565 subsecuta
469 3499 594 3584 (Synod.
621 3499 757 3574 Dioeces.
783 3500 873 3568 Curd.
897 3501 1066 3586 Pignatelli
1089 3521 1163 3577 ann,
1186 3502 1280 3580 1726,
1300 3503 1334 3568 P.
1349 3502 1372 3566 Ι.

132 3603 165 3670 c.
186 3603 242 3670 rv.
264 3602 311 3688 es.
333 3603 420 3689 nup

236 3719 266 3782 3.
302 3716 416 3782 Omnes
436 3717 598 3799 utriusque
621 3736 726 3797 sexus,
751 3719 804 3802 qni
826 3717 1067 3802 magnetismum
1091 3719 1264 3786 animalem·
1281 3717 1373 3787 eubi-

132 3822 207 3885 bent
229 3820 267 3886 ad
288 3820 415 3886 effectus
438 3839 497 3886 non
521 3822 678 3888 naturales
709 3821 935 3904 producendos,
972 3824 1003 3888 et
1035 3821 1091 3907 qni
1119 3823 1219 3890 eidem
1253 3821 1375 3888 crimini

131 3925 265 3990 scienter
288 3925 498 4009 cooperantur.

236 4046 274 4112 X.
307 4047 487 4112 Excitamus
510 4045 640 4129 danique
663 4047 763 4112 zelum
788 4048 1011 4128 Paroobornm,
1046 4050 1078 4114 et
1108 4047 1375 4127 Coneionatorum,

132 4153 168 4215 ut
192 4149 350 4216 doctrinae
372 4149 568 4234 Apostolicae
591 4149 689 4229 Sedis,
712 4151 892 4234 praesertim
910 4151 1038 4217 Litteris
1055 4152 1227 4238 lincyolieis
1247 4153 1375 4218 Univer-

131 4255 208 4320 selis
230 4254 443 4338 Inquisitionis
465 4256 497 4320 in
520 4255 604 4320 calca
624 4253 737 4340 Synodi
758 4275 786 4320 n.
807 4256 833 4320 l.
856 4256 1014 4339 appositis,
1039 4257 1228 4335 insistentes,
1253 4273 1375 4322 omnem

132 4377 256 4442 operam
282 4359 464 4442 impendant
493 4358 530 4422 ad
562 4359 741 4442 hujusmodi
771 4361 972 4444 magnetiemi
1004 4360 1148 4426 animalis
1176 4361 1290 4426 ebusus
1319 4361 1374 4426 de·

133 4463 284 4548 tegendos
304 4465 336 4528 et
357 4463 547 4543 evellendos,
581 4464 621 4528 ad
649 4463 787 4530 homines
818 4464 1030 4549 aspiritismo
1059 4467 1259 4532 avertendos:
1294 4466 1373 4532 illud
