3002 4872
158 145 222 210 382
486 160 599 228 Sgrcod.
611 162 748 218 ,dioeces
767 162 922 228 Neapolit.
943 178 971 218 a,
991 162 1073 216 1882
1148 205 1150 210 ,

152 335 320 418 surgentes
343 333 541 404 contrusam
563 350 680 398 errores
703 332 832 415 detegat
854 332 885 397 ct
909 331 1165 414 damnetahacc,
1189 333 1412 426 ut·‚sudc1n.nt

157 437 298 507 Ecclesia
317 436 479 506 definitam
501 435 653 514 vacunae,
675 436 880 515 commendet,
902 438 1038 506 tueatur.
1070 437 1169 504 Nemo
1191 438 1325 522 proinde
1352 439 1411 502 mi-

156 544 258 620 retur,
281 542 308 606 si
327 542 394 610 Nos
415 541 546 625 primam
570 540 726 626 synodum
750 541 990 621 Diocaesarea,
1013 543 1090 626 post
1119 543 1412 626 centumquadra-

158 648 247 732 ginta
268 665 319 712 ser
342 657 457 725 annos,
477 645 683 724 celebraturi,
714 645 858 716 ananus
870 645 909 715 ad
930 645 1024 715 fidem
1040 647 1276 731 pertinentibus
1297 648 1413 731 auspi-

157 763 272 821 centur,
326 802 328 811 .
587 807 590 816 .
784 811 787 820 ,
972 812 976 832 ,
1247 806 1250 815 ,
1326 798 1330 806 .

156 865 169 914 .’
192 909 195 922 ,
260 854 298 924 Id
315 853 457 920 arionis
479 854 620 938 postulat
641 854 673 918 in
696 852 804 936 primis
826 852 894 935 ipsa
913 853 1061 933 Ecclesia,
1083 875 1177 939 quam
1193 855 1302 934 Nobis,
1331 856 1412 930 lieet

69 991 72 997 ·
156 959 401 1036 immerentibus,
426 956 483 1022 Dei
506 956 624 1039 Optimi
642 957 770 1022 Maximi
787 956 955 1035 miseratio,
976 959 1008 1022 et
1023 956 1261 1032 Sanctissimiin
1274 959 1410 1033 Christo

145 1061 472 1142 arnmot-nomini
495 1061 603 1129 Nostri
626 1061 736 1126 monis
752 1059 842 1126 Xlll.
865 1060 1042 1144 benignitas
1062 1063 1295 1145 gubernandam
1317 1083 1411 1132 cem-

156 1168 252 1237 misit.
287 1166 442 1234 Ecclesiae
465 1165 548 1240 enhn
573 1164 797 1248 Neapolitanae
820 1165 898 1235 hese
912 1165 1139 1244 marinialnus,
1155 1167 1409 1242 hoeuauimnm

154 1273 249 1340 decus
267 1274 325 1350 est,
348 1270 429 1354 quod
449 1269 704 1353 pretiosissimum
726 1269 799 1336 fidei
818 1269 999 1340 thesaurum
1022 1271 1059 1336 ab
1077 1271 1143 1353 ipso
1159 1272 1410 1355 PatroAposto-

155 1377 257 1443 lorum
281 1374 424 1458 Principe
445 1377 606 1456 acceptum
630 1372 1035 1457 conviventiumque
1050 1375 1215 1458 ,religione
1233 1377 1408 1451 *custodire

144 1481 281 1565 satagit,
302 1481 339 1560 ut
361 1481 399 1545 oh
421 1478 642 1550 hnmncnlatae
664 1477 832 1550 suaahdei
852 1479 1058 1550 constantiam
1082 1480 1225 1548 maximis
1250 1481 1407 1555 laudibus

154 1604 173 1652 a
196 1585 341 1652 Romanis
364 1583 576 1660 Pontificibus,
598 1583 749 1665 supremis
773 1581 844 1648 fidei
867 1583 1047 1650 custoditus
1070 1586 1102 1648 et
1118 1585 1287 1668 magistris,
1307 1607 1404 1668 prae

152 1689 257 1757 dicare
274 1689 429 1756 meruerit
452 1677 533 1770 (Vid.
559 1686 694 1760 Litteras
715 1687 908 1769 apostolieae
930 1687 965 1750 in
985 1687 1083 1754 iorma
1107 1688 1214 1755 Brevis
1237 1691 1402 1760 Benedicti

155 1794 217 1860 Pe.
230 1793 329 1858 livill.
353 1793 391 1858 ed
407 1791 590 1876 Capitulum
608 1793 648 1856 et
663 1790 831 1858 Canonicos
852 1791 1108 1874 Metropolitanae
1125 1793 1281 1861 Ecclesiae
1297 1795 1399 1878 Neap.

152 1916 232 1982 qnae
264 1898 434 1981 incipiunt:
472 1897 529 1962 ain
561 1896 757 1979 Apostolieae
790 1895 955 1979 dignitatis
986 1895 1156 1983 fastigiosi.
1202 1898 1401 1970 l'mmovero

153 2003 361 2086 Neapolitana
377 2002 517 2067 Ecclesia
541 2001 598 2066 hoo
612 2001 672 2069 sibi
688 2001 843 2084 proprium
860 2000 1006 2079 vindicat,
1030 2002 1065 2066 ut
1087 2002 1136 2066 vel
1158 2001 1225 2084 ipsa
1240 2002 1400 2087 dogmata

155 2125 258 2191 nuper¹
274 2106 403 2172 delinita
424 2105 467 2172 de·
482 2106 687 2172 immaculato
711 2106 827 2172 Beatac
858 2105 975 2172 Mariae
998 2102 1136 2189 Virginis
1162 2108 1333 2190 'conceptue
1367 2112 1399 2174 et

153 2213 192 2277 de
214 2207 372 2278 infallibili
404 2210 535 2276 Romani
567 2210 725 2277 Pontificis
758 2210 939 2293 magisterio
975 2211 1251 2294 praeclarissimam
1280 2213 1398 2276 veteris

154 2335 237 2382 snae
250 2315 428 2382 traditionis
449 2318 608 2381 tesseram*
628 2314 853 2380 constituerint.
901 2315 944 2380 Nx
976 2314 1158 2382 certissimis
1186 2305 1267 2383 enim
1299 2315 1396 2380 doen-

154 2421 267 2485 mentis
290 2418 435 2504 (Kalend
459 2418 604 2486 Marmor.
630 2417 826 2484 aMazochio
847 2420 879 2482 et
899 2416 1069 2484 Sabbatino
1091 2418 1309 2496 illustratum)'
1322 2436 1398 2486 cen-

143 2524 332 2603 slat‘dicm
356 2523 468 2588 testum
488 2521 703 2606 (incoeptionis
728 2522 844 2589 Baetae
868 2522 985 2587 Mariae
1008 2523 1147 2606 Virginis
1167 2523 1232 2606 jam
1259 2523 1332 2590 inde
1356 2526 1396 2590 ah

154 2632 261 2699 octavo
290 2629 412 2695 saeculo
440 2627 572 2711 Neapoli
601 2627 790 2692 celebratum
816 2627 919 2692 inisse.
966 2627 1099 2710 Majores
1120 2642 1191 2694 vero
1218 2630 1349 2696 nostres·
1364 2629 1395 2694 in

154 2732 325 2816 disciplinis
348 2732 530 2816 theologicis
552 2728 710 2796 tradendis
734 2733 841 2796 contra
864 2731 1019 2798 doctrinas
1043 2730 1222 2797 Gallicanas
1245 2734 1397 2798 acerrime

153 2838 344 2920 depugnasse
367 2835 611 2919 exploratissima
632 2854 681 2902 res
700 2829 770 2901 est„

159 2962 184 2972 ¹·
244 2940 358 3021 ‘Quam
381 2940 523 3017 obrem,
553 2940 628 3004 dum
658 2938 850 3004 immortales
880 2938 999 3022 gratias
1026 2939 1148 3022 agimus
1172 2939 1251 3019 Deo,
1279 2959 1305 3006 a
1333 2961 1396 3025 quo

139 3061 243 3111 .,emne
265 3046 372 3109 datum
396 3045 598 3127 optimumst
621 3029 711 3108 omne
733 3045 848 3110 donum
870 3044 1040 3125 perfectum
1064 3043 1238 3121 descendit;
1271 3045 1396 3112 Beatis-

153 3151 250 3216 simae
274 3149 419 3234 Virgini‚·'
434 3148 593 3213 haeresum
618 3147 755 3213 omnium
779 3148 956 3231 expultriei‚
983 3165 1074 3231 qnam
1101 3148 1253 3233 singulari
1276 3149 1395 3232 pietate

152 3255 255 3337 patres
279 3251 376 3318 nostri
398 3251 483 3316 nullo
506 3271 565 3317 non
589 3255 726 3334 ternpore
749 3251 928 3334 doluerunt3
953 3250 1075 3318 Sanctis
1099 3255 1253 3336 Asprcno‚
1279 3255 1395 3338 Agrip-

154 3359 242 3440 pino,
267 3355 441 3440 Euphehio,
463 3355 617 3434 Maximo,
640 3355 1040 3436 AthanasiopNostrianop
1073 3356 1241 3440 Pomponio
1263 3358 1395 3442 aliisque

155 3461 310 3527 Ecclesiae
332 3463 455 3526 nostrae
477 3455 668 3544 Episcopis,'
689 3460 742 3544 qui
770 3461 883 3526 miram
913 3461 944 3525 in
973 3461 1088 3528 tuenda
1114 3461 1174 3526 fide
1197 3462 1393 3546 vigilantiam

155 3586 191 3632 ac
207 3565 422 3632 fortitudinem
445 3565 661 3640 exercuerunt;
683 3564 863 3647 praesertim
880 3583 949 3628 vero
965 3564 1083 3650 inclyto
1097 3565 1161 3629 civi
1175 3567 1278 3632 nosao
1296 3567 1394 3633 Beato

154 3668 322 3747 ianuario,
353 3670 407 3752 qui
436 3669 684 3752 praesentissimo
715 3685 770 3737 suo
798 3668 967 3751 patrocinio
990 3669 1090 3734 malas
1113 3667 1248 3736 Satanae
1271 3673 1394 3736 artesa

155 3773 388 3856 nostropopulo
411 3773 527 3858 abigit,
560 3791 597 3838 ac
630 3773 782 3856 stupendo
817 3773 865 3838 sni
895 3773 1024 3839 redivivi
1053 3775 1215 3857 sanguinis
1242 3774 1393 3840 miraculo

153 3878 248 3942 fidem
270 3878 406 3942 nostram
430 3894 526 3959 usque
549 3877 648 3954 iuvet,
672 3895 708 3942 ac
731 3877 909 3954 confirmat;
934 3879 1050 3960 quanta
1073 3879 1208 3944 maxima
1221 3897 1393 3960 ‘possumus

153 3981 488 4048 sollicitudine-omnes
510 3981 627 4046 Christi
647 3981 752 4046 fideles
774 3981 906 4048 Nostrae
928 3995 1019 4048 curae
1041 3982 1231 4048 concredi-tos
1249 3984 1390 4062 obsecra-

149 4102 222 4152 mus
245 4086 491 4152 et'obtsstamnr
512 4085 545 4150 in
570 4085 708 4164 Domine,
733 4086 769 4150 ut
790 4085 1049 4152 inaestimabilem
1074 4085 1155 4152 hanc
1176 4087 1318 4170 gloriam
1335 4087 1393 4150 sihi

149 4211 173 4255 e
198 4190 339 4273 patribus
356 4188 573 4254 transmissam
596 4189 678 4255 omni
705 4185 868 4274 diligentia
896 4189 1114 4258 intemeratam
1141 4190 1261 4275 jugiter
1291 4192 1393 4256 emto·

145 4295 252 4372 diimt,
275 4294 307 4357 et
328 4293 506 4357 constanter
527 4291 690 4358 redneant

257 4394 368 4472 Nidus,
385 4433 387 4436 -
402 4393 588 4460 nti-docuit
620 4397 799 4462 merosanta
836 4397 1032 4462 oecumenica
1065 4395 1204 4480 Synedus
1239 4396 1391 4462 Vaticana

144 4495 457 4580 (comer-uastae
476 4494 646 4577 dedalico,
660 4517 736 4582 cap.
754 4499 828 4584 lli.)
856 4501 973 4566 »virtus
990 4500 1037 4566 est
1052 4499 1307 4583 supernaturalis,
1320 4517 1390 4581 ‚qua
