3032 4864
135 145 199 208 242
239 164 425 225 Noarr'ssorr,
445 162 490 217 De
509 163 652 216 concord.
673 161 753 215 Gall.
773 167 802 216 et
820 163 857 214 de
876 177 966 228 serpo.
984 163 1267 227 serracenorum.

136 337 210 400 sunt
243 332 369 400 articuli
404 333 466 398 199
498 335 530 398 et
562 334 726 416 sequentes
758 332 879 398 Codicis
912 332 1073 416 poenalis?
1119 331 1178 397 Sed
1206 331 1382 399 Concilium

136 439 243 504 Status
265 440 389 503 tantum
413 439 544 502 abusum
569 437 676 502 adesse
703 437 861 502 declarare
887 437 1007 520 potest,
1038 438 1112 520 quin
1130 437 1228 524 ullam
1251 457 1383 520 poenam

136 543 280 625 injungat
303 544 335 606 et
356 541 456 607 Codex
478 543 615 624 poenalis
634 541 666 608 iu
689 541 831 606 articulis
853 543 1100 608 commemoratis
1121 561 1233 624 poenas
1256 541 1383 623 quidem

136 645 312 710 materiales
334 645 489 722 deceruit,
510 646 636 712 minime
660 665 731 712 uero
754 645 986 728 suspensionem
1009 645 1173 728 stipendii;
1198 665 1287 728 porro
1306 645 1385 713 haec

135 752 184 815 est
205 768 303 833 poena
329 751 462 814 maxime
492 751 648 832 appetita,
678 750 752 833 quia
784 749 946 816 ecclesiam
980 749 1049 818 cibo
1084 749 1229 817 taudem
1254 749 1384 831 eiusque

136 855 317 920 existentiae
339 854 462 920 officere
485 854 623 936 cupiunt.

623 1103 624 1110 ,
737 1045 779 1109 ΙΙ.

241 1186 375 1248 Poenam
399 1185 493 1247 istem
516 1201 589 1266 prae
613 1183 683 1247 aliis
706 1183 823 1266 exquiri
846 1183 1188 1266 argumentuestquod
1205 1184 1383 1266 paulopost

137 1288 328 1352 Gubernium
352 1305 370 1350 e
392 1287 591 1352 distinctione
614 1288 653 1351 ab
675 1287 741 1370 ipso
765 1287 941 1370 excogitata
962 1288 1044 1351 inter
1071 1289 1245 1353 mercedem
1276 1288 1383 1352 deser-

11 1445 21 1461 ,
137 1393 271 1459 vitarum
295 1394 327 1454 et
349 1391 536 1475 stipendium
559 1393 761 1474 parochorum
785 1393 817 1456 et
838 1391 1049 1474 episcoporum
1073 1392 1198 1456 destitit
1214 1393 1263 1456 'ut
1285 1393 1381 1456 aliam

136 1497 218 1561 riam
242 1495 403 1560 adhiberet
425 1513 487 1578 qua
507 1496 652 1587 utrosque
675 1495 821 1560 similiter
843 1496 974 1579 pecunia
996 1496 1150 1560 mulctare
1167 1499 1282 1579 posset.

239 1599 372 1678 Etenim,
395 1598 476 1663 sicut
495 1598 563 1682 jam
585 1599 619 1663 in
641 1600 819 1681 quaestione
841 1599 1037 1682 praecedenti
1060 1599 1178 1664 dictum
1195 1603 1245 1664 est
1255 1603 1290 1682 ¹),
1309 1617 1382 1666 eou-

135 1704 241 1768 cilium
264 1704 382 1783 Status,
406 1703 571 1787 postquam
595 1721 614 1767 a
635 1703 779 1768 Ministro
802 1701 953 1767 Justitise
975 1703 1007 1766 et
1030 1701 1180 1769 Cultuum
1203 1703 1379 1786 iuterroga-

136 1812 202 1875 tum
226 1804 346 1887 iuerat,
375 1807 423 1873 ita
445 1827 569 1892 prorsus
592 1807 800 1887 existimarit,
827 1825 954 1890 nempe,
978 1805 1171 1871 Guberuium
1193 1809 1382 1890 potestatem

136 1913 248 1977 habere
270 1911 400 1977 tollendi
421 1912 471 1978 vel
491 1913 710 1996 suspendendi,
732 1915 785 1978 ata
804 1913 1017 1995 disciplinari,
1040 1911 1196 1994 stipendia
1215 1912 1379 1976 ministro-

137 2036 204 2080 rum
238 2017 447 2098 quorumlibet
484 2017 586 2082 cultus
619 2016 731 2101 quibus
765 2037 782 2082 a
816 2015 909 2083 Statu
943 2016 1071 2099 pecunia
1106 2017 1307 2095 numeratur,
1334 2035 1383 2081 -ac

137 2119 263 2202 proinde
286 2122 354 2185 tam
377 2120 531 2203 stipendia
554 2141 676 2204 quae-a
698 2121 781 2186 tonte
801 2120 1033 2186 concordataria
1055 2123 1186 2186 manant
1206 2139 1300 2204 quam
1326 2119 1383 2184 ills

136 2243 214 2307 quae
238 2243 273 2289 ex
294 2224 436 2289 articulis
459 2225 613 2307 organicis
637 2225 827 2308 proueniunt.
875 2225 1039 2290 Caeterum
1062 2224 1187 2316 iusuper
1208 2225 1382 2290 declaravit

112 2387 116 2397 .,
136 2348 291 2413 nunquam
316 2329 453 2394 extitisse
477 2329 725 2408 distinctionem,
756 2329 819 2396 sive
845 2329 1000 2408 theorice,
1032 2328 1096 2394 siue
1116 2329 1268 2411 practice,
1298 2329 1383 2394 iuter

135 2433 235 2499 varios
258 2432 383 2498 clericos
399 2432 577 2498 muneribus
595 2433 769 2516 fungentes,
786 2433 866 2498 uude
881 2434 1016 2498 mutatio
1031 2433 1062 2496 in
1080 2433 1224 2516 Capitulo
1239 2433 1295 2498 IV.
1316 2435 1381 2498 lm-

135 2557 300 2621 pensarum
324 2538 464 2602 cultuum
488 2537 528 2602 ad
551 2556 667 2605 annum
691 2538 776 2602 1883
800 2537 897 2602 allata
923 2537 1042 2602 statum
1065 2555 1168 2602 rerum
1191 2539 1379 2604 anteriorem

136 2662 191 2707 uec
214 2643 322 2721 voluit,
347 2661 402 2708 nec
423 2643 527 2726 potnit
550 2645 680 2710 mutare.
705 2642 807 2726 (Quod
830 2643 935 2706 tamen
958 2642 1060 2708 verbis
1082 2661 1101 2706 a
1123 2642 1269 2707 bliuistm
1285 2661 1383 2726 nego-

134 2748 249 2812 tiorum
272 2748 483 2827 internorum,
514 2767 617 2813 mense
640 2747 810 2812 decembris
832 2765 928 2830 nuper
951 2744 1072 2830 elapso,
1103 2746 1284 2812 solemniter
1308 2765 1383 2830 pro-

134 2852 209 2917 latis
232 2854 338 2936 aperte
361 2851 609 2938 adversabatur).
1374 2845 1379 2852 ’

240 2955 358 3035 Quibus
388 2956 570 3038 praesertim
601 2957 774 3023 rationibus
805 2957 843 3022 ad
878 2957 959 3023 benc
989 2957 1175 3022 senteutiam
1209 2955 1384 3021 Concilium

137 3059 245 3125 Status
272 3058 440 3124 adductum
463 3059 580 3139 fuerat,
612 3063 702 3126 eraut
732 3062 913 3145 sequentes:
943 3062 971 3125 l.
995 3061 1104 3126 Stetus
1128 3062 1158 3124 in
1183 3061 1328 3126 omnibus
1351 3065 1386 3126 et

135 3163 267 3248 singulis
290 3162 401 3227 officiis
423 3163 556 3246 publicis
574 3167 642 3248 jure
665 3166 814 3250 superiori
837 3165 1015 3230 directionis
1046 3167 1078 3229 et
1106 3166 1265 3230 custodiae
1285 3166 1386 3249 pollet

136 3267 216 3350 quod
240 3285 259 3331 a
281 3267 456 3350 principatu
479 3287 534 3334 suo
556 3287 676 3334 summo
699 3273 815 3334 manet.
849 3272 942 3335 Porro
962 3270 1014 3353 jus
1036 3269 1115 3333 illud
1136 3272 1221 3334 omni
1244 3272 1385 3354 tempore

137 3373 321 3455 usurpatum
354 3372 433 3451 tuit,
471 3373 666 3457 potissimum
702 3393 756 3457 per
792 3375 941 3440 bonorum
976 3374 1227 3457 proscriptionem
1259 3377 1383 3459 tempo·

137 3476 260 3542 ratium.

240 3583 269 3649 2.
294 3581 380 3647 Idem
401 3583 465 3666 jus,
488 3602 548 3666 quo
570 3601 658 3667 reges
678 3582 800 3649 Galliae
823 3584 897 3650 olim
921 3603 1040 3668 quoque
1063 3585 1111 3648 usi
1130 3586 1212 3666 sunt,
1231 3605 1285 3668 per
1303 3585 1384 3650 Con·

137 3685 297 3749 cordatum
330 3686 412 3750 baud
442 3687 502 3753 fuit
533 3687 694 3767 ablatum,
727 3708 822 3771 quum
853 3707 869 3753 e
897 3690 1003 3754 contra
1026 3690 1084 3753 art.
1108 3688 1158 3752 16.
1181 3689 1274 3772 hujus
1298 3688 1385 3772 pacti

137 3787 240 3855 Statui
262 3790 294 3854 id
317 3810 456 3874 expresse
480 3792 629 3877 assignat.
668 3793 766 3876 Atqui
790 3793 863 3859 huic
886 3793 1031 3877 antiquae
1051 3793 1315 3877 jurisprudentiae
1330 3811 1385 3877 per

137 3893 235 3958 ullam
262 3895 534 3978 praescriptionem
561 3896 693 3980 legalem
724 3897 771 3962 vel
801 3899 940 3982 regulam
971 3897 1153 3980 discipliuae
1183 3917 1383 3981 nequaquam

138 3997 324 4081 derogatum
347 3999 417 4065 fuit
1141 4023 1144 4030 ·

241 4101 388 4168 Rationes
420 4123 491 4169 vero
524 4103 603 4168 istae
635 4123 695 4170 non
726 4107 803 4170 sunt
833 4106 945 4190 dignae
967 4107 1056 4172 coetu
1083 4107 1150 4170 tam
1177 4105 1266 4190 gravi
1288 4125 1384 4190 quarn

139 4201 309 4268 Concilium
325 4204 442 4285 Status,
464 4227 500 4271 ac
519 4208 733 4274 indubitanter
750 4227 769 4272 a
784 4209 877 4292 priori
901 4210 1031 4275 concilio
1047 4209 1128 4293 quod
1146 4210 1193 4274 sui
1206 4211 1287 4293 juris
1302 4213 1384 4291 erat,

139 4323 199 4369 non
222 4307 375 4372 admissae
397 4309 537 4376 tuissent.

141 4443 451 4459 ’,Ἅι-.-

244 4514 269 4578 1)
288 4513 341 4567 cfr.
361 4515 473 4572 Archia
492 4518 588 4570 XLIX.
608 4537 633 4585 p.
652 4521 711 4573 459.
