3032 4864
232 181 417 245 Nouriosobv
438 181 486 236 De
499 185 643 248 concord.
654 182 751 236 coll.»
762 188 792 236 et
809 185 955 252 deessem
973 181 1043 254 stipi.
1063 185 1259 238 clericorem.
1295 165 1362 232 241
1460 247 1466 254 ι

118 351 1365 440 adhuc‘vigentemnonfeuifioeresimplicem‘distinctionem-circalmpensae

118 457 317 522 secretana
335 457 371 520 In
382 475 467 521 :eaeo
491 459 599 524 autern
617 456 655 520 de
678 475 747 540 quo¹
760 457 883 542 agiturs
897 457 935 522 oi
957 459 1281 526 soliuedietinotionis
1298 462 1364 525 nn

115 561 271 643 jusmodt:
289 561 376 625 nulla
398 561 617 626 intercedente·
631 579 710 626 nova
733 561 812 645 loga,
833 561 891 644 jus·
907 561 1039 628 tollendi·
1059 564 1214 646 stipendia
1234 583 1365 648 usurpa-

119 666 333 730 tumfuitw·
385 682 388 713 Ξ
853 693 856 700 ·
1020 687 1023 695 ·
1091 693 1121 704 -·
1168 675 1218 702 ·“
1344 693 1347 700 ·

225 779 257 843 dr
283 777 345 842 Sed
376 791 446 844 non*
466 779 565 844 solnm
598 777 683 842 nulla
714 779 762 842 lex
785 794 889 844 recens
910 772 1214 863 tdlempotestatem
1233 782 1364 859 ‘confert

118 882 175 946 sed
199 899 305 965 reapse
329 883 391 946 alia
414 885 543 966 antiqua
558 881 660 948 adhuc
676 885 783 967 vigens
798 897 865 949 eam
887 883 1363 968 expresseprobibet,videlicet,

117 986 169 1051 lex
192 986 253 1049 diei
276 988 306 1053 8.
328 987 470 1051 ianuarii
485 987 579 1051 ‘1803
601 987 666 1073 (128.
683 989 803 1052 illoesa
829 1007 867 1053 an
893 987 993 1075 ΧΠ.)
1014 991 1160 1074 quaesic
1184 999 1222 1056 'se
1251 991 1363 1056 lrabett

116 1089 310 1170 multopere
331 1091 862 1172 stipendiorum-eoclcsicsttcorum
884 1088 963 1175 ‘copi
976 1099 1078 1176 potest
1090 1096 1127 1177 'lt‘
1144 1100 1188 1141 ὲ·
1202 1095 1361 1177 Quaenam

117 1195 320 1259 lucidior-lex
341 1195 480 1278 exoptant
502 1197 634 1278 posset?
662 1195 774 1278 'Cujus
798 1198 903 1261 autem
925 1198 1015 1276 ratio,
1039 1199 1182 1282 quamvis
1197 1200 1364 1284 legislator

116 1316 189 1362 eam
203 1299 300 1363 ‘band
318 1299 421 1375 refert
446 1299 537 1364 laoile
559 1297 765 1382 comperitur:
785 1301 916 1382 pecunia
935 1301 1021 1367 clero
1043 1304 1207 1366 numerata
1220 1313 1264 1368 en
1284 1302 1363 1367 libe-

115 1402 245 1467 ralitate
268 1403 417 1467 Gubernii
440 1402 567 1467 minime
592 1402 749 1484 provenit,
775 1405 831 1468 sed
861 1423 907 1468 er
922 1405 1112 1488 obligatione
1131 1407 1310 1472 solemniter
1332 1409 1363 1472 iri

114 1510 300 1590 perpetuum
322 1509 482 1572 contracta
499 1509 642 1589 ternpore
666 1507 893 1574 confiscationis
909 1509 1057 1574 bonorum
1072 1511 1162 1575 oleris
1187 1511 1362 1577 cun-enim

115 1611 230 1676 Ooedm
252 1612 436 1678 dictionalis
458 1630 539 1675 anno
563 1611 651 1675 1789·
671 1612 750 1677 bona
774 1613 850 1678 haee
869 1615 1049 1696 occuparet,
1081 1631 1116 1677 ea
1139 1616 1269 1698 puroet
1289 1615 1362 1678 sim-

113 1715 240 1798 pliciter
258 1716 303 1780 vnd
319 1735 359 1780 se
381 1729 488 1799 rapere
508 1734 568 1780 non
590 1715 780 1794 intendebat,
801 1718 861 1782 'sed
881 1717 1061 1782 declarabat
1080 1735 1114 1810 se
1137 1735 1239 1782 annua
1262 1735 1297 1782 en
1319 1719 1363 1782 eis

114 1820 149 1883 in
175 1816 459 1902 perpetuum‘clero
477 1821 699 1902 praestiturum
714 1825 801 1902 e'sse;
827 1821 891 1886 riou·
901 1822 1106 1905 promittebat
1121 1822 1243 1905 quidem
1262 1837 1364 1886 annua

114 1930 200 2000 toto,
224 1925 277 1988 aed
300 1924 472 1990 necessaria
494 1923 526 1988 et
549 1924 752 2008 congruentia
775 1925 814 1989 ad
836 1923 1015 1991 solvendum
1037 1931 1184 2009 expensae
1205 1927 1309 1990 cultus
1325 1926 1362 1990 ei

114 2027 629 2104 sustentationemministrorum;
654 2045 690 2092 ac
711 2029 836 2111 proinde
852 2029 1002 2113 implicite
1020 2030 1285 2114 seobstring'ebat
1300 2047 1360 2094 non

114 2131 297 2196 ablaturum
320 2130 475 2214 stipendia
495 2131 707 2196 ministrorum
731 2134 833 2197 cultus
848 2131 883 2218 θ).
1116 2127 1117 2130 ’

223 2244 300 2326 Quis
321 2263 381 2309 non
404 2245 534 2308 miretur
553 2246 618 2308 tarn
642 2245 799 2310 insolitam
818 2247 964 2330 stipendii
981 2247 1230 2312 confiscationem
1248 2247 1362 2330 absque

115 2349 294 2414 munierum
318 2348 529 2432 suppressione
550 2349 688 2431 jussam!
727 2349 777 2414 Sic
801 2351 988 2416 exsecutioni
1012 2351 1196 2415 mandatur:
1219 2351 1362 2416 Minister

113 2453 275 2518 Cultuumv
290 2454 329 2518 ad
351 2453 537 2537 Episcopum
560 2454 669 2518 scribit
692 2455 862 2520 mercedem
878 2473 973 2539 qnam
989 2455 1040 2520 blo
1055 2457 1110 2520 aut
1124 2455 1176 2520 ille
1193 2455 1362 2520 deservitor

114 2574 152 2622 ex
173 2558 364 2622 liberalitate
388 2556 530 2642 gubernii
553 2557 732 2635 obtinebat,
767 2577 972 2642 suppressam
994 2557 1056 2624 iore
1084 2577 1119 2622 er
1146 2558 1194 2622 die
1227 2560 1360 2642 quadam

114 2663 296 2746 assignata,
328 2661 387 2727 nisi
418 2662 457 2726 ad
485 2661 579 2726 aliam
610 2663 789 2745 parochiam
808 2663 961 2728 ¹minorem
987 2663 1164 2727 immediate
1185 2663 1359 2747 deputetur.

115 2767 206 2831 Haec
229 2768 342 2850 agendi
365 2769 446 2833 ratio
470 2787 544 2832 saue
567 2768 667 2833 brevis
691 2768 838 2832 etfacilis
855 2786 921 2833 esse
940 2767 1072 2846 videtur,
1096 2767 1149 2832 sed
1165 2768 1254 2833 valde
1269 2769 1360 2831 nirnis

114 2871 280 2936 libidinem
309 2873 399 2955 sapit.
449 2873 533 2937 'Reus
564 2873 671 2936 statim
689 2877 690 2880 ’
708 2873 891 2948 damnatur,
926 2871 1092 2956 antequam
1125 2872 1165 2935 ad
1200 2857 1360 2936 dicendam

114 2993 242 3040 eausam
274 2975 378 3042 venire
409 2977 682 3058 innocentiamque
715 2995 804 3042 suam
837 2992 970 3060 purgare
999 2977 1105 3060 possit.
1152 2974 1228 3040 Tale
1251 2977 1360 3061 judicii

114 3081 227 3146 modus
249 3083 297 3148 sic
317 3078 385 3148 colo
406 3084 452 3148 sic
468 3082 560 3166 jubeo
583 3081 767 3164 appellatur.
1145 3083 1163 3097 “

210 3193 309 3274 ‘Quod
332 3195 358 3260 si
382 3194 450 3278 quis
471 3197 545 3259 tunc
568 3195 653 3258 dicat
675 3193 865 3259 Gubernium
893 3191 1009 3258 nullam
1041 3194 1135 3258 aliam
1167 3195 1279 3260 habere
1310 3213 1361 3259 co-

114 3300 201 3382 piam
225 3299 338 3384 agendi
361 3301 467 3364 eontra
489 3299 576 3364 illum
602 3299 820 3363 deservituram
843 3301 897 3362 aut
919 3298 1068 3362 vicariurn
1092 3317 1183 3380 quem
1213 3300 1244 3362 in
1274 3317 1359 3363 erer-

114 3403 192 3467 citio
215 3401 380 3471 ministerii
404 3404 452 3467 sui
476 3403 623 3468 adversus
646 3403 764 3467 statum
792 3403 840 3466 vel
861 3415 1006 3485 personas
1030 3402 1167 3486 privatas
1196 3403 1360 3485 deliquisse

114 3507 239 3590 arguit,
270 3507 436 3591 respondeo
459 3507 506 3572 ita
535 3525 594 3572 non
629 3525 702 3572 esse.
757 3507 865 3571 Nonne
896 3505 977 3571 enirn
1009 3507 1037 3570 ei
1061 3507 1184 3589 praesto
1199 3493 1257 3570 ‘est
1280 3506 1363 3570 arti:

114 3611 206 3676 culus
230 3613 259 3676 6.
283 3632 318 3677 ex
340 3613 517 3697 organicis,
544 3611 609 3696 jam
639 3631 733 3694 nuper
757 3612 871 3676 citatus
880 3613 924 3694 ³),
955 3629 991 3675 er
1020 3630 1080 3694 quo
1110 3610 1184 3675 licet
1206 3628 1360 3674 recurrere

113 3716 156 3780 ad
181 3715 351 3781 Concilium
379 3715 486 3781 Status
510 3717 616 3781 contra
636 3715 781 3781 clericum
809 3715 1063 3799 delinquentem?
1107 3713 1216 3778 Nonne
1240 3712 1359 3798 piaesto

223 3925 248 3994 1)
266 3925 318 3980 Les
336 3925 507 3979 incitaments
526 3919 741 3991 ecelesiastiques
758 3924 824 3976 ‘sont
842 3920 1039 3976 insaieiseables
1066 3921 1132 3976 dans
1158 3915 1222 3974 leur*
1240 3921 1359 3975 totalitd.

114 4011 253 4081 (Bullatiu
272 4013 318 4067 des
336 4012 387 4066 lois
406 4011 522 4068 ccxul.
540 4011 591 4065 No.
612 4011 702 4078 2247),
918 4021 919 4026 ¹

222 4111 250 4178 2)
269 4108 368 4164 litorei
384 4107 421 4162 du
438 4108 462 4160 2.
481 4106 632 4162 Novembre
651 4107 734 4164 1789:
758 4102 923 4158 l'asscmblde
947 4102 1084 4156 nationale
1104 4102 1209 4158 decreta
1229 4119 1281 4172 que
1298 4106 1360 4158 tous

113 4198 156 4251 les
176 4195 251 4250 biens
269 4195 316 4250 des
335 4194 551 4264 ecclesiastiques
568 4195 629 4248 sont
646 4193 663 4246 a
680 4193 707 4246 la
725 4191 885 4260 disposition
905 4190 938 4244 de
955 4190 983 4244 la
999 4190 1101 4254 aetion,
1121 4192 1188 4246 blo
1205 4192 1315 4262 oharpe
1327 4191 1362 4244 de

113 4284 245 4354 pourvoir
269 4283 347 4339 ‹l'uuc
373 4283 489 4336 manidre
508 4280 670 4337 convenable
689 4296 739 4334 aun
759 4279 825 4332 irais
843 4278 878 4332 du
900 4278 979 4344 culte,
997 4277 1014 4332 a
1030 4278 1184 4332 l'entrctien
1202 4278 1234 4331 de
1250 4295 1291 4331 ses
1311 4279 1359 4330 nri·

115 4373 218 4426 nistros
236 4374 264 4426 et
283 4387 317 4426 au
336 4369 523 4439 soulagement
541 4368 587 4422 des
603 4383 726 4436 pauvres,
745 4382 806 4420 sons
824 4366 851 4420 la
870 4364 1047 4419 enrveillance
1074 4369 1103 4418 et
1128 4365 1232 4432 o'apres
1258 4365 1297 4417 les
1318 4364 1358 4416 in-

116 4458 265 4514 structione
283 4457 330 4512 des
346 4457 581 4512 administrateurs
599 4453 646 4510 des
663 4454 809 4523 provinces.

223 4554 250 4625 3)
269 4553 323 4610 cn.
342 4555 455 4610 Archiv
474 4551 571 4608 XLIX.
589 4569 615 4620 p.
634 4551 693 4606 453.

148 4649 240 4696 monn
254 4650 295 4697 rur
309 4647 500 4697 circumeant.
513 4647 542 4698 n.
1146 4708 1149 4717 Ι
1213 4631 1252 4694 16
