3028 4880
287 185 380 253 neon.
401 197 487 253 rrrrr.
506 195 629 266 saepen
649 200 671 250 r.
693 193 866 263 separese
886 197 923 250 aa
938 197 1067 250 aaaron
1087 193 1121 250 a.
1141 195 1182 248 m.
1202 193 1232 250 v.
1316 179 1380 244 437

138 371 283 436 ministra
306 371 488 454 gratiarum,
513 368 544 432 in
569 367 739 434 celsissimo
760 349 924 450 potestatis
940 367 987 431 est
1003 366 1180 451 gloriaeque
1202 367 1329 452 fastigio
1348 369 1381 432 in
1477 359 1480 365 ’

137 474 427 552 obelisoollocata',
458 475 494 538 ut
521 473 696 536 homi-uibus
725 472 765 536 ad
796 472 1015 554 sempiternam
1037 471 1124 534 illam
1148 471 1307 536 civitatem
1328 491 1381 556 per

138 579 186 644 tot
209 580 331 646 labores
349 577 542 662 etperioula
564 576 822 642 mntendeetibus
844 575 1007 658 patrocinii
1036 576 1092 643 sui·
1117 575 1289 640 subsidium
1320 577 1381 642 im-

137 679 264 766 pertiat.
296 687 336 730 ἐϋ
361 684 477 764 ‘ltaque
507 675 652 764 proximis
683 681 747 764 jam
778 679 1001 746 'anniversariis
1032 676 1236 758 solemnibus,
1268 679 1381 762 quibus

137 787 272 870 piurima
287 789 326 852 1et
344 787 497 852 *maxima*
511 787 555 849 iu*
575 785 727 868 populum·
754 785 958 849 christianum
987 803 1042 866 per
1074 784 1217 849 Marialis
1247 785 1382 850 Rosorio'

137 886 246 974 precc's
267 879 379 956 cbllata
402 889 756 968 beneficiareooluntur,
780 889 994 972 precesbasce
1010 889 1093 972 ipsas
1110 875 1262 972 singulari
1278 889 1381 974 studio

138 997 206 1060 toto
223 996 307 1060 orbe
322 977 477 1060 datboiico
497 993 638 1058 adhiberi
661 993 794 1078 Magnae
819 992 939 1075 Virgini
958 993 1023 1060 'hoc
1042 1011 1123 1058 anuo
1137 995 1289 1074 uolumus,-
1309 997 1380 1078 q'uo,

137 1100 210 1182 Ipsa
232 1098 449 1176 conciliatrice,
470 1097 606 1163 divinum
625 1099 699 1181 Ejus
715 1097 829 1164 Eilium
847 1097 959 1162 nostris
976 1097 1131 1180 placetum
1151 1091 1183 1164 et
1198 1098 1380 1182 mitigatum
1398 1181 1400 1184 .

137 1203 237 1268 malis
255 1203 387 1268 lelioiter
410 1203 612 1286 experiamur.
657 1201 724 1266 ‘Has
746 1201 846 1284 igitur
871 1203 1000 1266 litteras
1017 1202 1056 1266 ad
1081 1203 1156 1282 Vos,
1182 1202 1380 1266 Venerabiles

138 1307 273 1398 Fratres,
285 1302 415 1372 *dandas
438 1307 628 1384 censuimus,
654 1307 702 1384 ut,
727 1305 860 1389 cognitis
881 1306 1020 1371 ¹consiliis
1038 1306 1176 1398 Nostris,
1200 1307 1380 1390 populorum

137 1412 237 1494 pietas
254 1411 345 1475 adea
360 1411 504 1494 religiose
520 1409 705 1492 perficienda
721 1403 823 1474 vestra
839 1409 1026 1474 auctoritate
1042 1409 1204 1493 studioque
1220 1411 1380 1477 excitetur.

205 1515 443 1598 ‘'Praeciputrm
476 1527 595 1596 semper
627 1533 663 1578 ao
692 1513 827 1578 solemne
850 1512 1020 1578 catholicis
1053 1513 1232 1578 hominibus
1261 1513 1322 1579 init
1348 1514 1381 1579 in

137 1619 269 1702 trepidis
289 1620 380 1684 rebus
404 1619 567 1702 dubiisque
590 1618 779 1700 temporibus
799 1617 838 1680 ad
863 1617 995 1681 Mariam
1019 1621 1186 1700 coningere
1208 1619 1240 1684 ct
1263 1619 1295 1682 in
1314 1638 1381 1684 ma·

138 1724 227 1787 terna
249 1723 324 1806 Ejus
346 1721 731 1805 bonitateoonquiesoere.
773 1721 839 1811 Quo
862 1721 987 1804 quidem
1010 1721 1184 1786 ostenditur
1206 1723 1381 1790 certissima

138 1837 197 1892 non
220 1827 313 1892 modo·
332 1843 417 1908 spes,
447 1826 499 1890 sed
530 1825 620 1908 plane
644 1825 774 1903 fidutia,
805 1844 898 1908 quam
921 1825 1060 1890 Ecclesia
1081 1825 1237 1892 catholica
1259 1828 1386 1909 semper
1509 1885 1510 1906 ξ

138 1930 249 1995 habuit
276 1932 309 2005 in
344 1929 505 1996 Genetrice
541 1931 597 1994 Dei
628 1931 698 2013 jure
732 1931 907 2013 repositam.
954 1931 1073 1995 Revera
1103 1929 1276 2012 primaeuae
1297 1931 1379 1997 labis
1465 2001 1468 2007 ,
1509 2007 1510 2012 ¹

138 2054 244 2119 expers
267 2037 380 2120 Virgo,
417 2035 539 2100 adlecta
569 2035 628 2099 Dei
661 2035 778 2115 Mater,
813 2037 845 2100 et
873 2020 930 2099 hoc
958 2036 1025 2118 ipso
1055 2033 1196 2100 seruandi
1219 2034 1377 2100 hominum

139 2141 260 2224 generis
288 2159 410 2206 consors
439 2140 541 2220 iacta,
572 2141 661 2204 tanta
689 2139 770 2222 apud
793 2139 906 2204 Eilium
929 2140 1032 2223 gratia
1055 2139 1086 2205 et
1108 2141 1267 2224 potestate
1286 2139 1378 2218 valet,

138 2246 175 2309 ut
205 2243 352 2328 majorem
384 2260 440 2310 nec
466 2243 607 2308 'humana
630 2263 685 2308 nec
708 2245 849 2328 angelica
872 2246 984 2309 natura
1004 2246 1146 2310 assecuta
1168 2263 1302 2328 unquam
1327 2243 1377 2324 sit,

138 2350 192 2413 aut
213 2349 335 2432 assequi
358 2349 464 2434 possit.
511 2349 648 2433 Cumque
681 2367 774 2415 suave
804 2349 868 2432 ipsi
899 2368 936 2414 ac
965 2348 1137 2432 jncundunr
1167 2349 1304 2434 apprime
1326 2349 1377 2429 sit,

137 2452 275 2537 singulos
296 2471 382 2518 suam
403 2453 582 2548 flagitantes
606 2472 693 2536 opem
713 2452 822 2536 jurare
839 2471 874 2518 ao
891 2453 1003 2530 solari3
1024 2452 1230 2518 dubitandum
1248 2455 1377 2533 nonest,

3 2607 6 2618 .
85 2596 90 2602 -
137 2558 211 2641 quin
234 2557 389 2623 Ecclesiae
413 2557 572 2624 universae
594 2559 675 2624 votis
698 2557 833 2626 adnuere
855 2559 956 2623 multo
978 2557 1127 2638 libentius
1151 2557 1227 2622 uelit
1249 2576 1285 2622 ao
1307 2577 1377 2642 pro-

138 2661 303 2746 pemodum
327 2663 452 2748 gestiat.
1263 2735 1266 2741 ,
1360 2739 1362 2745 Ι

241 2767 327 2832 Haec
359 2767 463 2832 autem
493 2768 559 2832 tam
583 2784 696 2850 magna
720 2765 751 2830 et
773 2765 864 2848 plena
887 2765 951 2847 spei
975 2765 1008 2828 in
1031 2767 1198 2849 augustam
1223 2765 1377 2830 caelorum

137 2871 289 2963 Reginam
311 2854 411 2953 pietas
433 2869 621 2936 luculentius
637 2869 774 2947 emicuit,
795 2888 865 2933 oum
881 2887 1018 2933 errorum
1034 2869 1080 2946 vis
1097 2869 1160 2934 late
1177 2870 1377 2954 serpentium,

137 2973 186 3040 vel
208 2975 363 3066 exundans
387 2995 506 3040 morem
530 2974 693 3057 corruptio,
720 2971 766 3038 vel
786 2957 960 3056 potentium
983 2957 1226 3064 adversariorum
1243 2963 1377 3058 impetus

6 3126 17 3136 -
45 3137 48 3141 .
137 3079 325 3144 militantem
343 3079 401 3144 Dei
414 3079 584 3144 Ecclesiam
608 3079 640 3142 in
664 3075 827 3142 discrimen
851 3077 1001 3142 adducere
1023 3079 1090 3142 visa
1106 3079 1187 3144 sunt.
1201 3115 1242 3125 --
1256 3077 1377 3144 Veteris

137 3186 169 3248 et
189 3183 370 3249 recentioris
394 3183 461 3248 aevi
483 3167 648 3260 historiae,
681 3201 716 3246 ac
750 3181 917 3248 sanctiores
948 3181 1104 3248 Ecclesiae
1135 3183 1209 3248 fasti
1239 3183 1378 3266 publicas

137 3287 335 3371 privatasque
356 3287 395 3351 ad
419 3286 584 3369 Deiparam
607 3285 835 3351 obsecrationes
857 3287 889 3351 et
910 3287 982 3352 uota
1006 3288 1255 3365 commemorant,
1280 3307 1316 3353 ac
1331 3287 1378 3352 vi-

137 3392 242 3457 cissim
264 3391 404 3474 praebita
427 3411 480 3474 per
502 3391 606 3473 Ipsam
623 3390 737 3455 auxilia
752 3395 933 3474 partemque
948 3390 1098 3455 divinitus
1114 3391 1377 3474 tranquillitatem

137 3499 169 3560 et
192 3497 307 3577 pacem.
352 3492 433 3560 Hinc
454 3495 591 3578 insignes
614 3495 662 3558 illi
681 3495 787 3574 tituli,
823 3495 933 3578 quibus
967 3495 1042 3560 Eam
1073 3495 1245 3560 catholicae
1268 3498 1377 3580 gentes

137 3599 375 3665 christianorum
399 3599 654 3679 auxiliatricem,
687 3598 861 3682 Opiteram,
895 3599 1095 3678 solatricem,
1130 3600 1280 3665 bellorum
1314 3602 1375 3667 Po-

137 3705 271 3783 tentem,
305 3694 488 3782 Victricem,
521 3701 694 3768 Paciieram
721 3704 963 3768 consalutarunt.
1009 3703 1092 3784 Quos
1113 3703 1196 3769 inter
1215 3705 1376 3789 praecipue
1453 3748 1456 3755 -

137 3809 421 3874 commemorandus
442 3808 586 3874 solemnis
608 3808 662 3873 ille
685 3825 720 3873 eu
743 3809 871 3874 Rosario
894 3809 1021 3888 duetus,
1050 3827 1109 3892 quo
1129 3808 1253 3894 insigna
1275 3810 1375 3892 Ipsius

136 3914 168 3978 in
191 3914 368 3979 uniuersum
398 3913 603 3979 christianum
634 3931 744 3978 nomen
779 3912 928 3977 beneficia
963 3911 1001 3976 ad
1035 3913 1275 3996 perpetuitatem
1303 3933 1375 3980 oon-

137 4018 259 4085 secrata
280 4019 361 4085 sunt.
388 4053 427 4064 —
450 4018 548 4082 Nemo
570 4017 706 4082 vestrum
729 4017 869 4100 ignorat,
896 4017 1092 4082 venerabiles
1115 4015 1255 4107 Eratres,
1278 4039 1375 4102 quan·

136 4125 204 4188 turn
225 4123 340 4187 laboris
363 4123 396 4186 et
417 4122 537 4198 iuratus,
560 4121 684 4186 saeculo
704 4121 885 4186 duodecimo
909 4121 1052 4200 exeunte,
1082 4121 1209 4186 sanctae
1233 4121 1291 4186 Dei
1314 4123 1374 4188 Ec-

136 4227 246 4292 clesiae
260 4227 424 4292 intulerint
443 4225 629 4309 albigenses
652 4225 810 4304 haeretici,
833 4224 885 4308 qui
905 4224 1108 4290 recentiorum
1124 4225 1374 4298 Manichaeorum

136 4334 222 4396 secta
248 4331 421 4416 progeniti,
452 4331 620 4396 australem
652 4329 773 4396 Galliae
802 4331 930 4414 plagam
959 4331 1052 4413 atque
1077 4330 1155 4395 alias
1177 4331 1269 4396 latini
1292 4332 1375 4396 orbis

135 4437 275 4520 regiones
298 4433 475 4518 perniciosis
498 4434 651 4500 erroribus
672 4436 880 4518 repleveraet3
905 4453 1120 4520 armorumque
1143 4437 1291 4500 terrorem
1313 4435 1374 4499 oir-r

135 4540 350 4624 oumierentes,
373 4540 438 4608 late
460 4539 611 4608 dominari
633 4553 688 4627 per
712 4537 814 4606 clades
837 4542 869 4606 et
890 4539 996 4606 ruinas
1013 4540 1228 4606 moliebantur.
1260 4539 1375 4605 Contra
